3034 5217
549 790 760 870 NOTAE
791 788 1269 867 PHILOLOGICAE

882 1017 934 1073 An

544 1299 547 1309 .
618 1237 855 1305 EXCERPTA
879 1237 1207 1304 MlSCELLANEA.

679 1667 701 1723 l.
722 1663 866 1724 NOTAE
887 1663 932 1722 IN
953 1663 1132 1722 HYMNOS.

271 1853 339 1910 297.
389 1847 407 1883 *
418 1845 541 1922 Hruuu]
564 1845 636 1902 Erat
650 1844 727 1918 apud
741 1841 874 1902 Graecos
897 1840 954 1898 hoc
976 1843 1118 1916 poematis
1132 1857 1231 1916 genus
1246 1841 1264 1898 ai
1277 1842 1362 1917 primi
1373 1859 1429 1914 usqu

350 1945 453 1985 eorum
469 1925 593 1982 Poiseos
608 1925 722 1998 origine
737 1939 791 1978 usu
807 1927 969 1995 receptum,
988 1923 1061 1977 etin
1077 1920 1277 1996 religionibus
1294 1919 1430 1976 celebrandis

350 2005 521 2063 adhibitum.
572 2001 803 2076 Exponebantur
831 2000 1005 2076 plerumque
1031 1999 1166 2056 Deorum
1191 2001 1331 2074 origines,
1349 1999 1428 2067 uatrlir,

350 2103 400 2144 res
413 2089 527 2160 gestae,
542 2081 657 2155 aliaque
674 2079 710 2136 ad
724 2095 827 2137 eorum
843 2079 994 2135 historiam
1015 2082 1216 2154 pertinentia:
1240 2081 1281 2135 ila
1304 2075 1390 2134 lactum
1406 2079 1429 2130 ri

351 2165 495 2222 demusin
511 2165 547 2219 iis
562 2178 635 2236 qnae
662 2163 821 2216 etiamnum
845 2162 1001 2232 supersunt
1021 2159 1049 2214 iu
1072 2157 1128 2214 hoc
1152 2174 1271 2234 genere
1295 2155 1428 2213 Graecum

352 2243 555 2312 monumentis,
571 2241 599 2296 in
613 2239 840 2312 elegantissimis
856 2236 979 2312 Hymnis
993 2235 1181 2309 Callimachi,
1199 2239 1293 2312 iisque
1303 2239 1345 2310 qui
1359 2233 1427 2290 llam

352 2339 386 2379 ro
401 2317 723 2378 tribuuntur—Veram
739 2316 813 2372 hauc
830 2315 939 2390 Hymni
954 2313 1076 2372 sormam
1090 2321 1121 2372 et
1135 2333 1312 2391 germanum
1324 2313 1428 2370 chareus

353 2417 387 2458 ra
401 2397 478 2475 apud
502 2397 669 2472 Virgilium,
691 2397 941 2452 accuratissimum
966 2397 1118 2452 vetustatis
1143 2397 1330 2465 imitatorem,
1347 2389 1425 2466 egrgt

353 2479 501 2554 expressit
513 2474 646 2552 geminus
662 2475 713 2532 ille
728 2473 835 2557 chorus
851 2473 1005 2546 Saliorum,
1021 2475 1107 2552 [Aen.
1122 2475 1185 2532 viii.
1203 2471 1287 2548 285]

555 2663 749 2677 --—-
799 2631 1054 2692 inambulando

553 2691 703 2768 Herculeus
717 2722 742 2767 et
771 2721 833 2768 uota
839 2695 1028 2788 serenat-

632 2789 751 2864 Lowru,
765 2789 801 2847 de
818 2790 907 2847 Sacra
922 2789 1005 2846 Polisi
1021 2787 1097 2848 Heb.
1113 2785 1212 2848 Prael.
1228 2789 1307 2846 xxix.

360 2981 1419 3017 ,μ--ι--κκ--ι--ι--ι--ι-ἱ--ι--μ

362 3093 374 3122 Ι

396 3137 747 3213 triremem-1
780 3136 921 3196 Cleanthis
945 3139 1070 3220 Hymnus
1093 3141 1126 3199 in
1148 3142 1256 3202 Joaem.
1295 3143 1422 3200 Graemrm

359 3219 491 3296 Hymnus
505 3221 660 3274 maximam
682 3225 801 3291 partem
815 3219 1011 3277 conficiebant
1027 3218 1168 3294 Fabulae,
1193 3241 1305 3300 eaeque
1325 3222 1354 3276 de
1372 3219 1422 3275 rehu

357 3317 414 3358 nec
436 3296 520 3355 valde
549 3295 734 3367 admiumdis,
749 3313 845 3370 neque
871 3301 960 3355 etiam
983 3297 1149 3356 laudandis:
1172 3320 1229 3359 nec
1253 3301 1320 3360 mihi
1341 3298 1422 3354 occurri

358 3377 525 3452 quidquam,
553 3373 629 3448 quod
652 3375 770 3449 quidem
793 3383 886 3446 extat,
911 3395 949 3434 cr
973 3378 1025 3434 illo
1047 3396 1158 3454 genere
1184 3383 1327 3456 grauiore,
1345 3383 1421 3452 praeta

358 3455 511 3513 Cleanthis
521 3455 609 3510 Stoici
619 3453 765 3529 Hymnnm
775 3453 1034 3531 Joviinscriptum,
1044 3456 1163 3531 hocest,
1173 3457 1421 3524 neocesareae.

359 3546 392 3592 ut
404 3539 465 3610 ipse
478 3534 558 3608 loqui
572 3542 659 3603 amat,
674 3533 823 3589 Aeternae
839 3533 955 3592 Rationi
971 3553 1071 3594 rerum
1081 3537 1216 3596 Naturae
1233 3537 1418 3604 alienumque

359 3614 565 3680 Moderatrici3
587 3611 820 3686 pulcherrimum
841 3613 909 3670 saue
924 3618 1060 3750 antiquae
1075 3619 1235 3690 sapientiae
1251 3620 1420 3674 muraneum
1449 3627 1450 3644 ³

359 3693 490 3751 semibus
502 3687 672 3766 magnificis,
681 3690 790 3762 solidis,
800 3693 935 3766 verisque
952 3711 985 3750 re
998 3699 1112 3751 ertum:
1135 3713 1209 3771 quae
1225 3698 1296 3752 enim
1306 3687 1419 3749 habetll'r
1449 3703 1450 3779 q

360 3771 498 3846 loeopbus
507 3769 542 3826 de
552 3771 662 3826 summi
674 3769 732 3826 Dei
742 3772 883 3844 potentii,
895 3771 931 3827 de
940 3789 1096 3847 supremae
1106 3773 1194 3850 Legis
1206 3781 1236 3832 et
1245 3776 1324 3830 totius
1333 3769 1418 3826 rane

361 3851 523 3920 hammonii,
539 3848 575 3904 sle
591 3846 739 3904 hominum
754 3852 910 3924 impiorum
920 3853 1075 3928 caecisque
1088 3855 1202 3912 animae
1212 3845 1419 3929 perturbatiouiln

362 3929 554 3987 obnoxiorum
569 3926 690 3983 stultitia
704 3934 791 4001 atque
808 3930 931 3998 insanii;
953 3935 1020 3987 ante
1036 3934 1131 3988 omnia
1146 3932 1246 3990 Dirini
1260 3929 1346 3988 anxilii
1357 3921 1418 3997 tuph

273 4019 277 4025 '
361 4012 448 4078 ratio,
463 4024 521 4080 quo
536 4005 565 4061 N
569 4022 654 4062 umen
673 4009 768 4079 ipsum
790 4011 944 4081 perpetuis
966 4008 1100 4066 laudibus
1124 4011 1209 4087 digne
1232 4011 1352 4086 possimus
1371 4001 1418 4058 eth

361 4087 466 4155 brare;
490 4085 563 4141 haec
579 4089 673 4141 omnia
686 4091 745 4141 tam
760 4103 830 4140 sano
844 4085 1018 4162 minimeque
1031 4085 1129 4146 sucdto
1150 4092 1265 4164 pletatis
1285 4083 1367 4156 affectu
1382 4079 1416 4133 ΜΡ

362 4171 488 4236 mantur,
503 4169 534 4219 nt
549 4163 585 4220 ad
600 4165 755 4220 Sacrorum
770 4167 860 4221 etiarn
874 4165 981 4223 Vatum
1004 4169 1139 4242 spiritum
1163 4163 1327 4243 aliquatends
1343 4159 1415 4216 rilem

363 4253 412 4302 tur
425 4243 579 4300 accedere.
602 4241 719 4312 Lowru,
733 4244 770 4299 de
786 4244 866 4300 Sacr.
883 4242 964 4302 Poes.
980 4243 1057 4302 Heb.
1071 4245 1167 4305 Prael.
1178 4251 1254 4305 xxix.
1291 4243 1346 4301 Erat
1356 4245 1415 4294 arten

364 4321 526 4380 Cleanthes
540 4338 580 4376 ex
594 4323 664 4377 Asso
680 4323 752 4378 urbe
769 4321 897 4396 Lyciae3
920 4323 1046 4383 Zenonis
1062 4325 1163 4396 Stoici,
1177 4343 1259 4402 qnem
1278 4339 1323 4398 per
1340 4329 1413 4402 mrsu

365 4403 462 4458 decim
476 4417 567 4456 anuos
581 4398 744 4473 audiverat,
755 4403 784 4456 in
793 4403 907 4475 porticu
922 4403 1095 4462 Atheniensi
1110 4421 1265 4476 successor,
1272 4409 1297 4459 et
1309 4397 1413 4470 Chrysplt

365 4483 515 4555 magister.
557 4478 655 4536 Vitam
677 4477 770 4537 linivit
792 4479 899 4554 inedie,
922 4499 1012 4541 annos
1036 4488 1186 4564 octoginta
1205 4487 1285 4544 uatus
1319 4469 1411 4546 libell*
1448 4489 1449 4550 l
