3034 5217
426 307 570 368 rio'rnt:
594 309 639 367 IN
660 309 889 371 EURlPlDEM.
1159 313 1213 371 131

135 431 182 488 ta.
204 426 296 499 Adaei
309 423 397 503 σί-]
412 433 552 504 proponit
572 429 635 487 Joc.
651 429 731 488 Tute
750 447 806 505 pro
819 430 903 502 abari
917 447 962 505 τε,
980 436 1012 490 at
1026 431 1080 490 rltd
1095 447 1214 507 respou-

91 504 164 564 deat
178 506 215 564 ad
227 504 397 565 ἀνσοίνοοσα
410 505 466 579 μὲν
479 509 577 583 sopri.
596 506 610 528 ”
619 510 668 567 Sic
683 510 772 566 Elms.
794 509 826 566 P.

91 666 105 722 1
136 590 182 722 ig.
202 584 277 649 -ὃς
290 585 425 659 οιίσνμνᾷ
438 585 568 664 χθονία]
580 590 628 666 quai
637 589 769 667 princeps
784 597 822 646 est
831 587 916 666 hujus
928 599 1025 646 ιιικαι.
1059 589 1134 647 Vide
1149 589 1214 648 Vol.

107 683 149 722 ,α
206 670 257 723 .3.
274 684 302 721 a.
316 668 345 722 8.

134 681 247 817 21,Ρῖ8.
267 745 460 802 -οίνακαλκῖ
482 742 516 802 δὲ
546 744 660 821 δεξιοῖς]
690 746 772 822 Lego
800 765 867 804 cum
896 746 1063 804 doctissimo
1091 745 1216 824 lactina,

90 824 247 881 α’νακαλεῖ
263 822 298 881 dd
313 825 412 895 δεξιοῖς
437 822 554 881 Πίστιν
574 824 730 900 μεμιστην,
755 831 787 882 ut
808 827 909 898 δεξιοῖς
933 826 971 882 sit
992 829 1117 902 genitia.
1141 829 1214 903 sing.

93 921 185 978 quern
199 905 278 979 regit
294 901 410 960 Habeto
423 901 578 979 μεγίστην.
618 903 703 980 Angl⁴
718 905 776 960 aad
789 905 901 962 ιὐυολει
915 905 960 966 ibe
972 903 1078 983 migbty
1084 903 1166 983 saith
1187 905 1223 984 of

94 982 140 1038 bis
151 981 272 1060 pledged
285 982 360 1059 rigbt
374 982 458 1039 baad
499 983 587 1053 Quod
601 991 633 1041 et
647 982 792 1041 Porsenae
806 983 944 1058 probavit
958 989 989 1041 et
1002 985 1101 1041 edidit.

137 1065 184 1118 2⁴.
206 1061 317 1119 Κεϊται
344 1061 373 1116 d'
400 1061 529 1137 ἅσιτος,]
556 1062 761 1121 Pulcherrima
780 1062 848 1120 eane
874 1063 1048 1138 descriptio!
1071 1069 1158 1139 atque
1180 1059 1215 1120 ad
1229 1069 1292 1123 168.

95 1140 325 1197 commovendos
339 1137 461 1198 affectus
476 1144 633 1217 aptissima.

138 1224 185 1275 titi.
204 1219 346 1298 -ηἷσθετ
361 1217 554 1296 ἠδικημένη]
576 1221 722 1296 Egregius
739 1221 938 1293 Graecisms,
954 1219 1002 1278 ubi
1027 1224 1218 1297 participium

96 1315 155 1374 pro
170 1295 313 1356 infinitIvo
327 1303 464 1373 ponitar3
486 1307 518 1356 et
538 1303 733 1358 nominativus
753 1302 904 1377 participii
926 1312 1082 1375 usurpatur
1106 1299 1219 1376 quando
1246 1367 1252 1379 Ι

96 1395 207 1448 sermo,
222 1383 254 1433 ut
269 1377 327 1449 liic,
342 1385 440 1434 manet
455 1381 485 1436 in
499 1381 603 1436 eadem
618 1381 761 1454 persona:
783 1377 982 1436 animaduertit
1001 1399 1028 1435 ιο
1052 1379 1160 1456 injuria
1174 1378 1219 1457 us·

96 1457 208 1522 fectum.
248 1456 339 1591 kvide
360 1454 432 1513 insti
449 1476 476 1515 r.
492 1463 541 1531 88,
555 1463 603 1531 38,
629 1463 698 1532 498,
722 1467 754 1516 et
777 1456 859 1533 848]
901 1458 1000 1528 Quum
1022 1464 1120 1516 autem
1141 1463 1219 1515 tran-

97 1539 170 1592 situs
185 1533 247 1592 fita
281 1537 337 1592 und
351 1539 477 1610 persona
492 1538 528 1593 ad
543 1538 677 1607 alteram,
692 1539 881 1612 participium
895 1553 962 1593 cum
977 1537 1070 1594 alteri
1081 1538 1136 1595 hoo
1151 1555 1220 1612 per-

97 1617 169 1671 sona
184 1616 302 1687 ponitur
316 1618 345 1671 in
361 1618 545 1672 accusativo:
567 1617 616 1672 Sic
631 1615 730 1686 ᾔσθετ’
753 1617 847 1674 αὐτὸν
873 1615 1067 1689 ἠδικημένον,
1092 1617 1219 1674 animod-

97 1693 183 1750 ocrta't
196 1693 275 1748 ι’ίίιιοκ
291 1692 398 1770 bajarid
422 1691 559 1770 affictam
600 1693 677 1752 Vide
703 1694 845 1770 vigeram
872 1694 909 1752 de
936 1695 1073 1753 Idiotism.
1095 1712 1124 1771 p.
1150 1699 1217 1752 330.

99 1773 172 1829 edit
194 1772 307 1829 Zeunii.
329 1769 362 1827 C.
378 1772 426 1828 vl.
442 1774 461 1828 i.
479 1777 524 1830 18.
543 1776 587 1830 18.

141 1847 158 1868 ”
167 1855 213 1908 30.
236 1847 289 1906 Ην
303 1848 477 1926 μήκοτε-4
497 1851 567 1908 Nisi
581 1851 697 1928 quando.
720 1850 844 1909 Bareas.
860 1851 1026 1909 Musonius.
1056 1851 1126 1909 Nisi
1140 1855 1218 1931 ριιοί.

99 1930 268 1987 Bactrinae.
290 1935 337 1987 35.
351 1928 572 2001 ἀπολείπεσθαι,
582 1931 703 2009 privari.
724 1931 874 1988 Emener:
895 1933 956 1988 sine
977 1931 1164 2008 apostropho.
1186 1931 1218 1989 P.

142 2013 188 2066 38.
208 2004 283 2072 -ὅς
297 2017 352 2080 σφε
366 2012 424 2068 νῦν
437 2007 587 2082 ἀτιμάσας
602 2008 687 2085 ἔχει]
710 2009 759 2068 Sic
774 2011 859 2087 Angl.
874 2009 935 2067 mbo
944 2031 1005 2067 αοτυ
1016 2009 1220 2088 bardisgroced

100 2089 159 2145 ber.
199 2088 274 2146 Vide
288 2089 377 2164 sopri
391 2089 426 2146 ad
441 2091 514 2146 Oed.
529 2089 604 2165 Tyr.
620 2107 647 2147 v.
664 2095 730 2146 577.
745 2107 775 2164 p.
794 2093 899 2147 tet-
918 2089 1043 2146 Versum
1067 2093 1095 2146 in
1116 2094 1217 2166 prloro

100 2168 232 2224 editione
241 2173 296 2239 ai,
311 2169 409 2264 [Σιμῇ
420 2166 523 2240 δόμους
538 2167 655 2240 alauda,
669 2169 707 2226 ’ἵν’
720 2169 866 2246 ἕστρονται
883 2166 992 2244 λίμνα]
1007 2187 1073 2226 cum
1090 2167 1219 2226 Poreono

101 2245 159 2304 hac
174 2245 260 2321 ejeci.
302 2244 309 2265 '
330 2247 472 2305 Matthiae
483 2264 602 2305 versum
616 2249 750 2304 restituit.
792 2247 967 2305 Restitutum
983 2250 1093 2304 uncinis
1105 2249 1218 2305 inclusi.

102 2327 261 2399 Repetitar
275 2327 390 2401 quidem
406 2329 435 2384 in
450 2345 478 2383 r.
494 2331 561 2384 381.
577 2333 608 2383 et
625 2328 668 2384 sic
684 2331 774 2384 etiam
789 2345 817 2384 v.
833 2331 880 2384 40.
895 2329 924 2383 in
939 2344 967 2383 v.
984 2331 1051 2384 880.
1094 2327 1125 2384 ln
1141 2339 1219 2384 utro·

101 2422 161 2480 que
176 2405 241 2462 loco
256 2422 362 2463 novam
375 2413 495 2482 nuptam
508 2407 636 2463 indicare
652 2406 724 2463 mihi
739 2408 866 2479 videtur,
881 2413 912 2463 et
933 2406 981 2461 hio
1004 2405 1062 2464 loci
1085 2423 1220 2462 necessu-

101 2488 165 2541 rius
179 2499 253 2540 ease.
275 2483 307 2540 P.
322 2483 409 2540 Rima.
420 2489 524 2541 omisit.
538 2485 696 2560 τύραννον,
707 2487 749 2543 ibe
760 2487 892 2564 princeos,
902 2491 948 2541 40.
961 2483 1057 2541 liberor
1069 2483 1215 2556 iutelligit.
1294 2523 1300 2536 .

145 2568 193 2634 43,
208 2567 253 2619 44.
274 2563 393 2619 -οὕτοι
407 2562 568 2640 ρασίως-]
588 2562 668 2620 Ordo
683 2570 743 2620 eet:
764 2579 812 2626 τις
835 2559 989 2634 συμσαλολν
1014 2562 1123 2640 ἔχθραν
1138 2563 1221 2640 αὐτῇ

99 2643 186 2699 οὔτοι
200 2641 306 2714 ᾄσεται
322 2640 507 2715 καλλίνικον,
520 2642 632 2719 aliquio,
652 2652 774 2720 soacepto
798 2660 859 2698 cam
882 2641 934 2698 itia
957 2639 1030 2714 odio,
1052 2660 1222 2719 ιιιρναριιοια

98 2722 279 2800 praeclaram
291 2720 440 2777 victoriam
455 2722 607 2779 celebrabit.
647 2722 724 2778 Olim
738 2719 852 2777 credidi
876 2726 1002 2794 poetam,
1024 2736 1081 2796 per
1101 2721 1222 2776 οὔτοι-

103 2798 282 2856 καλλίνικον
303 2799 426 2870 οίσεται,
452 2798 620 2879 (vulgarem
635 2797 820 2878 lectionem)
837 2798 1028 2870 intellexisse,
1043 2817 1099 2854 aon
1114 2799 1221 2874 quiden

93 2880 175 2958 seret
188 2899 216 2935 re
227 2879 371 2956 pulchram
384 2879 526 2950 uictorem,
546 2895 598 2935 eeu
621 2897 790 2955 ατρυαριιαια
811 2877 972 2956 praeclarae
995 2876 1085 2933 uictor
1107 2876 1221 2933 evadet:

101 2959 158 3015 aed
171 2961 269 3014 atatim
282 2958 445 3014 sentiebam
461 2959 591 3033 Linguae
606 2957 657 3012 Gr.
672 2959 825 3028 rationem,
840 2959 871 3012 ut
895 2953 952 3012 hoc
976 2953 1057 3012 recte
1073 2958 1222 3030 exprime·

102 3044 200 3107 retur,
227 3034 392 3094 necessario
419 3037 566 3112 postulare
593 3034 773 3098 καλλίνικος.
822 3033 987 3105 Barnesius,
1016 3037 1148 3110 quamvis
1173 3033 1221 3094 hio

104 3118 262 3191 vulgarem
277 3116 434 3174 lectionem
457 3116 603 3190 probavit,
626 3121 659 3172 et
680 3114 764 3172 reddi
783 3115 868 3190 posse
891 3115 1017 3172 credidit
1036 3111 1222 3182 καλλίνικον,

102 3194 253 3254 viciatum
266 3194 414 3272 insignem,
430 3195 554 3253 ostendit
569 3200 667 3252 tamen
691 3194 742 3273 [ad
766 3193 857 3251 Hero.
882 3193 948 3250 Fur.
971 3191 1096 3270 ν.681.]
1119 3192 1222 3250 καλλί-

105 3293 192 3332 νικον
205 3271 316 3331 αἐίσιιν
329 3279 427 3330 uotam
439 3291 502 3331 ease
515 3275 703 3346 locutionem,
717 3291 773 3348 pro
781 3272 929 3332 victoriam
938 3272 1061 3350 quamois
1071 3284 1222 3351 reportare,

102 3353 310 3412 subintellecti
326 3371 399 3409 voce
414 3354 535 3425 μολπήν
550 3361 599 3411 aut
619 3350 736 3425 αόισήν.
779 3352 910 3410 Muretus
935 3355 1026 3430 igitur
1048 3352 1095 3410 hio
1121 3353 1223 3429 legen·

104 3437 176 3491 dum
191 3435 342 3506 proposuit
353 3432 468 3504 ᾄσεται·
489 3434 565 3509 quod
580 3433 706 3492 observo
722 3431 882 3489 Poreonum
890 3429 1015 3488 edidisse
1027 3437 1059 3487 et
1072 3429 1223 3507 ingeniose

105 3517 214 3571 tultum
228 3527 302 3568 ease.

147 3596 197 3662 53,
212 3596 259 3647 84.
280 3589 447 3666 Χρηστοῖσι
461 3589 626 3667 dodiau-J
649 3590 697 3647 Sic
711 3593 863 3645 construe:
885 3588 927 3642 ad
944 3585 1136 3664 [πράγματα]
1161 3587 1299 3656 dea-167,

105 3672 209 3728 ποτῶν
224 3671 322 3732 κακῶς
338 3672 506 3726 κοινοῦντα
521 3667 613 3746 [ἐστὶ]
627 3667 760 3743 συμφοραί
776 3667 928 3744 χρηστοῖσι
942 3663 1067 3737 δούλοις,
1083 3663 1136 3722 καί
1154 3666 1225 3723 αἰθ-

103 3748 242 3806 οῐιττεται
257 3748 377 3824 φρενῶν·
399 3767 442 3804 rea
454 3747 585 3804 adversae
598 3746 771 3802 dominorum
792 3743 947 3801 calamitati
964 3755 1026 3802 rant
1036 3744 1122 3801 ιτιυίι
1129 3745 1224 3822 fideli·

106 3830 166 3898 boa,
181 3837 206 3882 et
220 3836 335 3904 tangitur
349 3829 478 3901 ipsorum
490 3837 599 3882 menaea
618 3818 723 3897 ἅπτω,
738 3833 835 3892 aecto‚·
854 3819 1005 3896 ἅπτομαι,
1017 3827 1046 3880 iu
1061 3839 1135 3880 voce
1148 3823 1222 3881 med.

106 3918 187 3962 necto
201 3905 334 3983 meipsam
348 3923 408 3960 com
422 3903 524 3981 aliquo,
540 3907 558 3960 l.
578 3921 605 3960 e.
630 3913 732 3981 tango:
751 3901 954 3975 ἀνθάπτομαι,
968 3901 1093 3960 arada
1117 3913 1224 3981 tango,-

106 3994 141 4044 et
156 3984 247 4041 habet
259 3990 324 4059 post
338 4001 370 4040 se
385 4001 452 4057 gen.
467 3989 634 4058 pernotum
648 3986 792 4058 syrtaria.

149 4067 198 4121 88.
218 4065 289 4134 -μ’
302 4062 471 4138 dubiost]
486 4064 516 4134 μ’
532 4079 588 4136 pro
606 4079 654 4134 μοι
680 4065 709 4118 io
732 4065 834 4136 priore
857 4061 985 4118 editione
1010 4078 1076 4119 oum
1098 4059 1226 4141 μολούση

105 4143 322 4202 concordabat:
352 4140 516 4219 ὑπὲρχομαο
543 4141 634 4218 vulgo
661 4140 752 4197 habet
780 4147 845 4215 poet
872 4157 903 4197 sc
929 4148 1055 4199 accusat.
1079 4141 1226 4198 interdum

108 4225 251 4281 dativum.
291 4219 403 4278 Verdm
423 4221 538 4277 dubitat
558 4220 756 4293 Marklaudus,
770 4219 807 4276 ed
830 4219 894 4295 lph.
917 4223 950 4279 Α.
965 4225 1033 4280 498.
1054 4220 1103 4278 ubl
1128 4219 1226 4295 hujus-

107 4303 189 4360 modi
218 4303 396 4359 constructio
418 4300 706 4373 occurrit-Attae
736 4297 771 4356 τί
798 4301 827 4371 μ’
853 4301 931 4364 ἔλεος
956 4303 1016 4372 τῆς
1042 4300 1227 4376 ταλαιπώρου

108 4379 202 4457 κόρης
218 4380 363 4453 Είσῆλθε,
380 4379 550 4454 συγγένειαν
573 4378 836 4450 &romulidam-an
860 4383 889 4452 μ’
904 4383 972 4454 poni
987 4383 1078 4454 possit
1093 4396 1146 4454 pro
1168 4395 1225 4450 μοι·

109 4477 204 4535 quare
226 4463 365 4534 proponit
387 4456 583 4530 ἐννοούμενον.
626 4458 706 4514 Etsi
731 4475 820 4514 verus
841 4466 885 4515 est
907 4477 998 4515 canon
1023 4459 1227 4532 Daweeianur‚

110 4537 204 4617 [Vide
220 4537 301 4596 Μῖνα.
317 4539 389 4597 Crit.
406 4538 476 4597 edit.
490 4537 626 4614 Bargose.
642 4555 671 4612 p.
686 4539 754 4593 888.
771 4539 868 4613 4481·
893 4542 913 4576 “
927 4537 1021 4595 Poetis
1043 4537 1104 4593 scil.
1124 4538 1227 4596 Attioia

175 4615 248 4672 Vol..
263 4617 297 4673 ll.
493 4620 528 4674 18
