3034 5217
314 383 349 434 12
547 335 552 348 ’
642 374 782 432 sorar
802 375 847 432 nr
866 377 1073 437 nouercae

273 501 299 550 3.
311 495 438 568 singulos
453 502 483 549 et
502 494 597 550 lliadis
620 500 649 549 et
670 495 818 569 Odysseae
842 499 962 572 singulis
983 500 1075 556 literis
1098 498 1258 575 alphabeti,
1279 498 1328 557 ‹ttu
1345 502 1402 575 post

312 583 438 628 aetatem
453 571 585 642 Homeri,
604 573 770 647 designatos
791 593 855 632 esse
879 582 1059 634 notieimum
1077 585 1130 634 est
1169 577 1280 636 Verum
1303 585 1334 636 nt
1353 586 1404 635 stu·

311 652 392 707 diosa
402 651 539 724 juventus
561 649 673 707 facilius
696 653 795 708 rideat
818 656 918 728 quihus
940 673 978 712 ex
1003 657 1075 714 locis
1099 659 1240 732 poematis
1263 645 1404 731 desumpta

311 727 420 786 fuerint
441 734 592 802 sequentia
610 729 769 804 Excerpta,
792 741 877 806 atque
898 738 937 789 ita
957 752 1060 791 eorum
1080 738 1254 794 relationem
1270 735 1308 793 ad
1323 745 1404 794 totum

313 827 385 882 opus
399 809 551 882 intelligat,
567 812 661 864 risum
675 817 719 864 est
735 815 765 864 ut
778 810 828 867 hic
842 813 1034 869 exhiberetur
1047 815 1144 873 brevis

634 964 814 1024 Cossrrcrrs
826 986 926 1026 rorice
939 970 1093 1028 Onrsscm

352 1121 459 1178 Poema
475 1125 586 1178 initium
602 1126 680 1195 capit
690 1123 724 1177 ab
741 1128 924 1182 invocatione
938 1127 1039 1184 illusae
1052 1133 1082 1183 et
1091 1129 1290 1201 propositione
1301 1127 1406 1183 unirer·

311 1219 361 1256 sae
377 1204 517 1256 materiae
530 1222 538 1270 ;
561 1209 591 1256 ut
606 1209 706 1275 postea
723 1203 787 1258 tieri
803 1206 971 1276 solebat,ad
981 1207 1149 1279 exemplum
1162 1205 1294 1277 Homeri,
1308 1207 1335 1262 in
1348 1223 1407 1260 cae·

314 1283 385 1335 teris
409 1277 572 1351 hujusmodi
588 1282 763 1336 carminibus
785 1281 921 1339 heroicis.
962 1284 1171 1340 Celebratnrus
1184 1302 1311 1340 summus
1327 1281 1407 1339 Poeta

314 1361 411 1413 varios
425 1358 545 1432 Ulyssis,
561 1365 624 1431 post
639 1367 753 1433 captam
769 1359 902 1432 Trojam,
917 1380 1045 1432 errores,
1063 1364 1160 1419 varios
1173 1379 1267 1433 casos,
1279 1363 1406 1434 rarisque

314 1437 480 1492 discrimina
495 1437 530 1490 ab
545 1454 582 1491 eo
597 1436 675 1510 priris
686 1439 859 1494 exantlanda
873 1442 958 1514 quam
976 1444 1007 1496 in
1022 1445 1148 1515 patriam
1161 1439 1289 1496 Ithacam
1310 1439 1406 1495 redibis

315 1515 393 1570 diem
408 1518 497 1588 possit
509 1515 622 1586 videre,
632 1519 841 1590 victoriamque
857 1528 1009 1591 reportare
1024 1520 1061 1575 de
1073 1522 1169 1592 procis
1182 1521 1282 1575 uxoris
1296 1517 1406 1575 Penelo-

316 1611 379 1666 pes,
394 1596 442 1665 qui
457 1597 569 1667 regiam
584 1593 646 1665 ejus
662 1594 843 1667 infestabant,
866 1597 963 1670 ibique
982 1615 1066 1652 omne
1085 1615 1177 1670 genus
1192 1597 1350 1666 molestiae,
1361 1596 1404 1650 illo

315 1672 445 1740 ahsente,
460 1672 593 1737 ciebant;
615 1676 810 1728 narrationem
831 1692 912 1730 suam
934 1693 1001 1744 non,
1023 1682 1054 1730 nt
1078 1674 1241 1745 historicus,
1261 1673 1405 1729 secondum

317 1768 415 1806 rerum
439 1750 568 1804 ordinem
592 1752 780 1823 aggreditur:
800 1752 862 1822 sed,
885 1757 1011 1826 primum
1033 1756 1170 1823 omnium,
1194 1752 1314 1808 heroem
1334 1769 1405 1806 soum

317 1827 438 1884 exhibet
460 1827 619 1898 detentum,
644 1847 717 1883 anno
735 1828 798 1901 jam
820 1839 933 1905 octavo,
955 1833 984 1886 in
1007 1831 1097 1887 insuti
1115 1831 1230 1905 Ogygia
1249 1829 1264 1884 i
1283 1829 1405 1903 Calypso,

317 1915 467 1982 postquam
490 1907 557 1962 illuc
587 1914 761 1979 tempestate
790 1908 901 1964 delatos
926 1916 1011 1966 esset
1052 1909 1184 1964 Decreta
1206 1915 1303 1964 autem
1323 1907 1340 1962 i
1359 1907 1405 1962 diis

317 1986 412 2041 reditu
428 1984 490 2058 ejus
501 1988 528 2040 in
541 1989 663 2058 patriam
675 2006 682 2050 ς
705 1985 840 2041 Illinerva
851 1989 879 2041 in
890 1986 1018 2043 Ithacam
1029 1984 1171 2060 profecta,
1181 1989 1310 2060 speciem
1321 1985 1404 2041 induta

316 2064 434 2120 Mentae
459 2063 644 2136 Taphiorum
668 2064 760 2134 ducis,
778 2064 963 2121 Telemacho
984 2065 1094 2139 Ulyssis
1115 2064 1183 2120 lilio.
1198 2063 1359 2138 persuadet,
1380 2067 1405 2116 ot

317 2143 402 2198 adeat
418 2141 520 2218 Pylum
536 2149 565 2197 et
581 2144 724 2214 Spartam,
741 2142 900 2199 Nestorem
915 2152 945 2199 et
959 2143 1127 2200 Menelaum
1141 2143 1178 2199 de
1192 2151 1277 2216 patre
1295 2144 1406 2198 sciscito

317 2228 406 2277 turus.
449 2221 563 2276 lnterea
579 2220 742 2277 Mercurius
758 2221 794 2275 ad
808 2220 935 2296 Calypso
950 2222 966 2277 a
980 2220 1056 2277 Jove
1071 2224 1182 2293 missus,
1198 2239 1263 2276 eam
1281 2220 1360 2294 jubet
1371 2219 1406 2274 di·

318 2304 434 2355 mittere
451 2299 593 2372 Ulyssem.
635 2297 772 2374 Calypso,
788 2318 949 2373 quanquam
964 2300 1063 2371 invita,
1084 2299 1167 2356 Joris
1189 2301 1312 2374 imperio
1325 2303 1406 2371 paret

319 2377 470 2433 Profectus
485 2382 575 2451 igitur
590 2377 707 2451 L'lysses
723 2385 785 2432 rate
802 2396 886 2450 quam
902 2383 964 2453 ipse
979 2376 1185 2450 fabricaverat,
1207 2378 1223 2433 a
1248 2383 1406 2452 tempestate

318 2456 460 2525 obruitur,
476 2475 560 2530 quam
576 2459 733 2512 immiserat
749 2456 915 2529 Neptunus,
928 2460 957 2513 ei
979 2455 1186 2512 infestissimus.
1226 2453 1407 2528 Naufragium

318 2551 427 2608 passus,
444 2538 505 2607 ipse
523 2538 550 2589 in
567 2535 728 2603 Scheriam,
744 2535 864 2591 insulam
884 2535 1060 2606 Phaeacum,
1074 2535 1164 2591 nudus
1178 2539 1292 2603 enatat;
1312 2534 1409 2606 ibique,

319 2631 416 2686 quum,
432 2612 514 2668 valde.
531 2611 676 2686 fatigatus,
692 2613 726 2667 ad
742 2613 940 2669 dormiendum
950 2619 978 2670 in
989 2614 1070 2688 sylvi
1084 2631 1116 2668 se
1128 2615 1288 2686 recepisset
1300 2627 1410 2684 cooper-

319 2697 364 2746 tus
379 2689 465 2761 foliis,
480 2693 631 2765 postridie,
646 2694 770 2764 strepitu
785 2692 815 2746 N
818 2695 961 2764 ausicaae,
976 2696 1055 2766 regis
1073 2692 1185 2749 Alcinoi
1199 2691 1287 2764 filiae,
1301 2692 1409 2764 ejusque

318 2773 475 2843 virginum,
491 2788 564 2842 quae
580 2771 615 2824 ad
630 2768 737 2824 flumen
752 2774 946 2844 propinquum
961 2776 992 2827 ut
1014 2776 1110 2826 vestes
1133 2771 1267 2826 lavarent
1280 2783 1412 2843 perrene-

319 2857 393 2920 rant,
408 2865 507 2903 somno
522 2855 715 2922 experrectus
730 2856 782 2902 est.
823 2848 866 2904 Ad
881 2854 995 2924 regiam
1017 2848 1130 2905 Alcinoi
1151 2847 1290 2904 deductus
1309 2847 1347 2904 ibi
1368 2845 1413 2900 be·

319 2927 405 3002 nigne*
421 2930 584 3000 excipitur,
606 2928 816 2999 conviviisque,
831 2927 915 2998 ludis,
929 2928 1020 2998 donis,
1031 2927 1195 2983 liberaliter
1209 2932 1352 2983 tractatur.
1374 2923 1413 2976 lo·

319 3013 483 3079 terrogatus
498 3013 530 3062 ut
540 3006 575 3060 de
587 3007 694 3078 seipso,
709 3005 803 3079 deque
829 3007 977 3062 erroribus
997 3009 1056 3062 suis
1081 3006 1171 3062 verba
1193 3003 1315 3075 faceret,
1333 3003 1413 3060 multa

319 3089 429 3154 narrat,
444 3101 518 3156 quae
535 3087 596 3158 ipse
613 3084 737 3154 viderat,
753 3101 884 3158 quaeque
899 3102 998 3158 passus
1019 3089 1091 3140 erat
1132 3084 1273 3159 Loquitur
1291 3097 1414 3158 praeser-

321 3164 371 3218 tim
386 3162 421 3216 de
437 3161 603 3234 Ciconibus,
618 3161 807 3236 Lotophagis,
823 3161 1005 3237 Polyphemo
1024 3160 1166 3237 Cyclope,
1182 3163 1286 3233 Aeolo,
1300 3160 1414 3216 Laestri·

318 3240 451 3314 genibus,
466 3239 564 3310 Circe,
580 3241 719 3297 descensu
735 3241 770 3295 ad
787 3238 903 3312 inferos,
920 3242 1076 3313 Sirenihus,
1090 3240 1181 3296 bobus
1205 3240 1278 3296 Solis
1301 3236 1415 3295 eaesisi

319 3321 406 3374 sociis
420 3321 488 3390 suis,
503 3326 677 3392 tempestate
693 3325 853 3392 propterea
868 3322 1002 3391 immissi,
1016 3337 1089 3394 quae
1111 3319 1167 3376 illis
1190 3319 1317 3375 omnibns
1335 3317 1415 3372 esitio

320 3404 402 3464 erat,
424 3415 480 3471 quo
495 3400 578 3453 modo
594 3405 690 3453 autern
708 3401 769 3470 ipse
781 3399 867 3470 solus,
879 3395 970 3454 fracta
983 3415 1069 3469 nave,
1078 3397 1114 3454 ad
1128 3398 1271 3473 Ogygiam
1285 3394 1415 3469 Calypsus

321 3477 442 3532 insulam
458 3481 600 3532 evaserat.
641 3476 816 3548 Aliquandiu
826 3478 902 3550 apud
917 3476 1066 3533 Phaeaces
1084 3482 1287 3545 commoratus,
1297 3474 1415 3532 ithacam

320 3554 417 3610 redire
432 3554 627 3611 vehementer
641 3559 730 3628 cupit.
774 3555 982 3629 Suppeditante
997 3573 1103 3612 navem
1117 3555 1248 3625 Alcinoo,
1264 3556 1291 3610 ln
1302 3556 1415 3628 patriam

320 3633 436 3689 tandem
450 3636 585 3707 navigan
607 3633 704 3707 ibique
720 3631 855 3707 primum,
869 3633 1022 3690 Minervae
1045 3634 1164 3705 monitu,
1186 3632 1246 3688 adit
1267 3631 1415 3690 Eumaeum

319 3711 482 3784 subulcum,
498 3711 513 3767 ai
529 3729 585 3785 quo
600 3711 746 3766 derorum
760 3730 876 3767 suarum
890 3718 976 3784 statu,
990 3713 1026 3768 de
1041 3711 1206 3785 Penelopes
1227 3709 1294 3782 fide,
1308 3711 1343 3765 de
1357 3725 1416 3782 pre

320 3807 422 3846 corum
438 3789 550 3862 injuriis
572 3794 603 3844 et
626 3791 789 3861 insolentia,
812 3790 847 3845 de
874 3789 1049 3847 Telemachi
1072 3788 1264 3864 profectione,
1283 3798 1365 3862 atque
1384 3783 1415 3838 dr

321 3873 406 3940 patre
422 3875 452 3924 et
467 3875 558 3924 matre
575 3871 686 3924 certior
700 3868 791 3924 factus
806 3874 858 3924 est.
900 3868 1017 3925 lnterea
1037 3868 1246 3946 Telemachus,
1266 3866 1346 3942 jusso
1369 3862 1417 3919 lli·

322 3963 443 4016 nervae,
464 3949 491 4002 in
515 3947 637 4018 patriam
662 3946 758 4002 redire
783 3953 875 4020 parat,
900 3949 1018 4022 ipsique
1040 3945 1193 4020 adjutrice,
1214 3947 1329 4003 insidias
1351 3939 1417 4014 fugit

324 4040 393 4097 quas
408 4027 437 4080 ei
456 4024 536 4097 proci
558 4027 735 4080 struxissent.
780 4025 806 4079 ls
829 4043 953 4098 quoque,
975 4032 1110 4082 monente
1134 4024 1197 4101 dea,
1222 4024 1344 4080 eundem
1368 4018 1419 4074 Eu·

322 4119 438 4158 meeum
452 4103 526 4168 adit3
546 4119 632 4175 quem
647 4102 681 4156 ad
698 4101 866 4176 Penelopen
881 4107 979 4176 mittit,
995 4111 1026 4160 ut
1047 4103 1083 4159 de
1105 4102 1202 4159 reditu
1227 4119 1278 4160 suo
1300 4102 1417 4158 nunciat

321 4179 447 4236 Absente
465 4179 603 4250 Eumaeo,
619 4179 735 4254 Ulysses
749 4199 780 4237 se
796 4187 895 4238 notum
917 4180 985 4239 facit
1008 4181 1211 4247 Telemacho;
1233 4196 1355 4255 eamque
1376 4177 1420 4231 do·

321 4275 401 4314 mum
414 4258 510 4328 mittit,
525 4265 674 4331 postquam
690 4259 757 4333 quid
773 4266 803 4315 et
822 4260 963 4335 quomodo
985 4266 1100 4317 acturus
1125 4266 1204 4316 esset
1226 4258 1417 4317 admonutset.

320 4335 386 4408 lpse
403 4336 520 4413 Ulysses·
535 4345 636 4410 postea
651 4339 686 4393 ab
702 4337 830 4394 Eumaeo
846 4343 875 4394 in
890 4340 991 4395 urbem
1007 4347 1092 4414 atque
1106 4341 1228 4413 regiam,
1239 4340 1338 4413 pannis
1354 4334 1418 4389 obsi·

321 4421 365 4470 tus
381 4415 541 4487 baculoque
558 4418 678 4488 innixus,
694 4417 842 4488 deductus,
858 4415 980 4491 priuatim
995 4419 1031 4473 ab
1052 4419 1131 4492 Argo
1155 4434 1228 4474 cane
1253 4413 1418 4493 agnoscitur·

283 4507 291 4526 ·
321 4499 386 4565 post
401 4492 555 4549 absentiam
572 4497 672 4568 viginti
687 4509 842 4564 annorum
865 4496 881 4552 ai
896 4499 992 4569 procis
1006 4497 1104 4553 autern
1118 4502 1204 4571 atque
1218 4499 1310 4553 serris
1323 4493 1379 4549 sua
1393 4495 1420 4540 et

320 4571 429 4624 ancillis
444 4573 648 4628 contumeliose
661 4580 802 4646 exceptos
814 4581 844 4630 et
859 4576 948 4630 multa
958 4575 1074 4650 indigna
1085 4590 1194 4650 passus,
1204 4573 1318 4634 tandem
1327 4574 1420 4628 ¹1⁰&ss-
