3034 5217
460 313 911 400 sorarmrmnsanm
1190 283 1256 382 aas

107 431 160 508 pri
177 427 430 490 commarcam
452 430 524 496 rode
546 421 831 508 &mammaeae
856 435 939 512 aspa*
963 435 1169 507 rddnnrddm
1193 439 1247 496 τὸν

115 509 259 568 Πυθῶνα
273 512 308 566 ἐν
328 510 421 588 αὐτῇ.
442 510 581 572 ἐκαλεῖτο
602 510 636 572 δὲ
657 510 802 592 πρότερον
827 511 937 586 Notan-
967 508 1037 574 εἶτα
1059 515 1247 593 Πετρήεσσα

110 580 193 648 εἶτα
207 587 331 665 Aptara·
346 581 415 648 εἶτα
431 589 531 649 naso.
553 591 642 648 Senot.
667 644 672 655 ,

161 665 413 742 rumpam—1
430 666 547 746 Parni.
562 669 690 728 Hrrnorr
700 672 835 728 Aaruaeo
845 671 1037 744 Syracusano,
1043 691 1128 729 eam
1137 671 1248 731 simod.

114 745 305 824 Γέγραπται
312 742 393 817 μὶνὸ
403 745 758 825 cantuaritarum-‘0
771 747 804 808 δὲ
813 748 915 825 Ἱέρων
936 749 998 824 τήν
1011 745 1163 822 Κατάνην
1173 753 1248 810 ανα-

114 826 244 898 κτίσας,
258 821 421 897 ὁμωνύμως
436 823 705 904 νηΐ-παρακειμένῳ
728 827 787 905 ὄρει
811 829 933 886 Αἴτναν
958 827 1247 906 recommendationi

114 907 272 964 Αἰτναῖον
287 903 407 975 ἑαυτὸν,
423 905 505 963 κατα
521 906 590 968 code
603 904 724 980 νίμῶνας
739 909 843 978 orama,
856 905 1051 984 ανεκήρυξεν.
1089 909 1127 964 ‘A
1146 909 1247 985 ματα]

115 984 243 1055 ἐνίκησε
255 982 289 1041 δὲ
303 983 319 1040 ὁ
331 980 430 1058 Ἱέρων
443 985 505 1055 την
517 982 574 1056 μὲν
587 985 727 1057 εἰκοστήν
747 983 843 1057 ἕκτην
870 987 1012 1044 Πυθιάδα
1036 983 1088 1044 καὶ
1096 928 1159 1058 cciv
1174 990 1247 1060 ἑξῆς

1259 443 1324 497 Pii.

116 1063 243 1134 κέλητι·
272 1063 333 1134 την
352 1057 386 1117 δὲ
410 1063 550 1135 εἰκοστήν
572 1063 705 1134 ἐνναέτην
725 1059 855 1142 ἅρματι,
874 1065 919 1126 ets
950 1062 990 1136 ἣν
1015 1065 1033 1122 d
1059 1063 1268 1140 satanianos·

114 1139 268 1206 ἐπινίκινς
283 1139 444 1200 τέτακται.
463 1141 549 1200 Idem

584 1317 785 1358 eremmon.

163 1456 303 1516 Proxima
316 1459 403 1535 hujus
424 1459 561 1516 carminis
581 1459 695 1514 occasio
719 1463 752 1514 et
775 1475 863 1516 causa
886 1455 940 1516 suit
962 1455 1102 1517 Hieronis
1124 1461 1248 1518 victoria

114 1536 243 1611 curulis,
259 1537 390 1612 Pythicis
405 1538 478 1595 ludis
502 1535 658 1614 (Pythiade
686 1555 764 1595 rara.
781 1540 798 1594 i.
822 1537 988 1614 e.01ymp.
1011 1537 1177 1618 cxxviiii.)
1200 1555 1247 1595 re·

119 1622 248 1692 portata.
291 1615 469 1692 Regreditur
485 1621 583 1672 tamen
606 1621 693 1690 possa
717 1617 754 1672 ad
777 1618 926 1676 anteriora
951 1617 1091 1674 Hieronis
1115 1614 1191 1673 sacta
1215 1624 1247 1676 ea

119 1693 194 1751 sata.
235 1693 406 1752 Evenerant
420 1698 499 1752 enim
514 1711 570 1751 nou
584 1691 765 1766 mutilante,
780 1713 855 1770 quae
872 1699 899 1752 in
915 1699 1044 1752 carmine
1056 1695 1091 1750 ad
1105 1695 1246 1754 Hieronis

120 1773 242 1831 laudem
256 1777 419 1852 composito
430 1776 524 1831 omitti
536 1779 804 1848 uec-poterantnec
819 1774 974 1831 debebant.
1019 1773 1135 1832 Etenim
1151 1773 1246 1832 Hiero

120 1855 228 1927 paucis
242 1859 310 1910 ante
325 1857 405 1910 annm
419 1851 482 1946 (Oi.
501 1870 598 1910 rum
617 1857 751 1910 Lutea
775 1851 908 1908 Diodoro
934 1852 993 1910 Sic.
1013 1859 1143 1928 apparet
1164 1853 1183 1908 l.
1206 1856 1245 1911 xi.

121 1947 151 1988 c.
167 1929 230 2010 49.)
245 1934 356 2006 priseos
370 1933 448 1990 urbis
462 1930 591 1988 Catanae
603 1929 718 1988 incolas
732 1932 901 2006 expulerat,
915 1949 1090 2006 ueramque,
1114 1950 1200 2008 quam
1216 1935 1246 1990 iu

121 2027 229 2068 eorum
248 2011 345 2068 locum
369 2011 533 2070 deduxerat
548 2009 748 2083 caloniam&
773 2009 974 2084 Peloponneso
996 2011 1156 2085 praecipue
1179 2027 1246 2068 con·

121 2091 275 2161 scriptam,
297 2092 420 2147 Aetnam
443 2095 613 2161 vocaverat,
633 2091 806 2161 monti,=cui
829 2089 1009 2164 subjacebat,
1030 2085 1245 2164 ‚cognominem

123 2165 203 2224 Hinc
217 2168 285 2226 urbs
301 2173 355 2226 ista
369 2167 494 2227 Hieroni
510 2167 584 2223 adeo
598 2167 679 2224 cordi
695 2164 760 2239 suit,
771 2173 803 2234 ut
818 2171 846 2224 in
861 2169 937 2228 illius
948 2169 1069 2244 gloriam
1082 2172 1110 2225 in
1122 2171 1247 2226 victorii

123 2244 182 2301 hac
197 2245 319 2324 Pythici
334 2250 496 2305 Aetnaeum
510 2263 542 2303 se
558 2246 734 2321 proclamari
755 2245 884 2322 juberet.
926 2247 1027 2318 Quare
1043 2265 1100 2304 non
1117 2247 1245 2306 alienum

123 2330 200 2397 erat,
215 2325 368 2384 historiam
382 2329 510 2384 recentis
525 2325 658 2381 coioniae
674 2324 748 2382 adad
763 2327 779 2382 i
793 2325 944 2384 conditore
967 2326 1096 2382 dilectae
1121 2328 1244 2384 carmini

123 2401 194 2460 huic
209 2408 351 2463 inserere.
373 2400 474 2476 Porro,
485 2403 613 2462 vixdum
624 2401 901 2478 deduemcolonis*
927 2405 1123 2462 Aetnaeorum
1130 2407 1246 2480 ignium

124 2486 240 2558 eruptio
261 2487 372 2556 evenit,
400 2500 486 2559 quae,
515 2500 688 2558 quamquam
716 2484 783 2541 urbi
812 2490 879 2540 tunc
907 2502 964 2542 nou
992 2489 1024 2541 ut
1051 2488 1153 2558 postea
1183 2482 1244 2563 (Ol.

124 2578 263 2634 cxxxviii.
280 2568 307 2620 3.
323 2562 380 2620 vid.
395 2561 564 2638 Thucydid.
579 2561 628 2617 lib.
639 2563 681 2618 iii.
697 2561 734 2618 ad
747 2561 796 2620 fin.
812 2569 843 2620 et
858 2567 925 2621 est.
941 2565 973 2620 Α.
989 2561 1029 2620 U.
1039 2561 1073 2618 C.
1089 2561 1145 2619 vid.
1162 2561 1246 2620 Oros.

124 2639 174 2696 lib.
189 2660 216 2699 v.
235 2637 295 2720 13.)
311 2643 476 2716 perniciosa
491 2637 557 2714 suit,
571 2647 688 2716 poetam
707 2647 806 2698 tamen
829 2659 885 2697 non
910 2647 1028 2717 poterat
1049 2658 1106 2698 non
1130 2658 1247 2715 permo-

125 2736 207 2791 vere,
222 2726 255 2777 ut
268 2715 430 2777 terribilem
440 2723 530 2777 istam
548 2726 675 2778 naturae
699 2722 758 2778 vim
783 2728 814 2778 et
839 2723 980 2795 impetum
1005 2721 1080 2776 rivis
1108 2723 1248 2796 pingeret

124 2798 279 2871 coloribus,
294 2798 433 2874 Deosque
449 2804 579 2874 rogaret,
590 2807 622 2854 ut
632 2797 774 2856 Catanarn
785 2802 874 2856 monti
886 2795 1011 2873 ignifero
1023 2799 1096 2854 adeo
1108 2802 1244 2873 vicinam,

125 2880 154 2933 iu
169 2881 446 2953 posterumquoque
463 2880 539 2934 tueri
555 2877 674 2934 vellent.
716 2877 852 2934 Tandem
876 2877 970 2934 Hiero
988 2879 1075 2933 tertio
1100 2895 1175 2934 anno
1197 2877 1243 2934 Ol.

124 2973 221 3012 cxxvi.
236 2953 340 3035 (Diod.
355 2960 396 3012 xi.
412 2955 475 3034 ῆι.)
496 2955 564 3012 hinc
575 2959 673 3031 quinto
684 2973 760 3013 anno
775 2963 842 3014 ante
860 2955 1011 3032 Pythicam
1023 2957 1177 3012 victoriam
1189 2955 1246 3014 hoc

125 3036 253 3090 carmine
282 3035 474 3106 celebratam,
500 3035 614 3110 praelio
638 3036 737 3092 uaraii
760 3037 876 3092 vicerat
899 3033 1071 3106 Hennaeus,
1097 3033 1246 3109 Cunacis,

126 3130 195 3188 quos
215 3113 259 3170 illi
283 3119 504 3189 oppresserant,
523 3112 689 3188 opitulatus
742 3114 774 3170 ld
798 3131 914 3189 quoqne
938 3119 1026 3188 poeta
1050 3131 1106 3169 non
1130 3119 1247 3186 poterat

125 3195 378 3267 praetermittere,
392 3211 448 3248 non
463 3195 557 3267 magis
577 3209 663 3266 quam
686 3198 837 3250 cruentam
862 3196 1027 3264 victoriam,
1050 3209 1138 3267 quam
1159 3191 1247 3266 pauld
1352 3188 1355 3202 ’

126 3277 192 3326 aute
222 3268 355 3350 (Olymp.
378 3289 466 3328 cxxv.
493 3275 517 3326 l.
540 3269 616 3327 cons.
639 3269 728 3328 Diod.
751 3273 789 3328 xi.
814 3276 860 3328 20.
883 3269 961 3350 sqq.)
992 3269 1079 3344 Gelo,
1108 3272 1155 3346 qui
1187 3282 1248 3329 tum

125 3356 262 3425 praeerat
283 3350 445 3426 Syracusis,
463 3367 531 3407 cum
555 3347 649 3420 fratre
663 3356 879 3410 etsuccessore
905 3349 1050 3422 Hierone,
1065 3349 1101 3406 de
1124 3349 1247 3442 Cartha·
1283 3417 1284 3420 Ἴ

126 3429 299 3504 giniensibus
314 3432 487 3503 reportarat.
1085 3501 1086 3506 ἵ

166 3505 249 3564 Haec
263 3510 288 3564 si
303 3513 469 3580 teneantur,
482 3525 541 3564 non
557 3507 702 3566 obscurum
725 3511 783 3566 erit
802 3509 943 3564 carminis
968 3523 1069 3563 nexus.
1110 3504 1217 3580 Incipit
1231 3506 1247 3564 ri

128 3584 211 3643 laude
227 3586 309 3662 lyrae
324 3586 477 3661 Apollinis,
492 3583 649 3665 (praesidis
668 3586 802 3644 ludorum
820 3583 1034 3664 Pythicorum,)
1050 3581 1170 3658 ejusque
1187 3589 1247 3642 rim

130 3665 265 3740 exemplo
279 3666 452 3740 comprobat
464 3663 626 3738 Musarum,
638 3664 734 3737 Jovis,
756 3665 877 3740 aquilae·
893 3663 966 3738 ejus,
988 3663 1101 3733 Martis,
1120 3661 1246 3738 denique

130 3743 279 3820 Typhoei,
293 3761 381 3820 quem
395 3761 462 3815 neri,
476 3749 509 3800 ut
523 3742 598 3815 illos,
609 3743 761 3817 voluptate
773 3741 951 3800 sed'terrore
963 3743 1110 3818 compleat
1124 3741 1248 3806 deorum

128 3824 155 3878 in
182 3823 309 3898 Olympo
330 3829 499 3880 concentus.
541 3822 590 3877 Sic
614 3825 717 3879 transit
742 3823 777 3878 ad
803 3823 1111 3879 consummatissimam
1134 3822 1246 3878 Aetnae

129 3901 251 3958 ardentis
266 3909 414 3959 terrorum
429 3903 604 3976 imaginem:
627 3898 709 3979 (curn
724 3904 779 3976 qui
789 3899 971 3958 conserenda
988 3901 1131 3974 imprimis
1151 3897 1249 3976 Virgi-

128 3978 158 4037 lii
173 3980 332 4056 descriptio
347 3983 419 4038 Aen.
436 3982 479 4051 iii,
495 3984 564 4051 b‘li,
577 3997 637 4054 sqq.
653 3998 739 4054 quam
754 3999 794 4037 ex
814 3979 938 4036 Pindaro
954 3979 1115 4036 Romanum
1131 3983 1248 4053 poetam

128 4058 252 4116 hausisse
273 4065 395 4116 censent
414 4058 582 4116 Macrobius
602 4059 660 4115 Sat
681 4077 707 4115 r.
727 4064 771 4116 lt.
795 4064 826 4115 at
846 4057 961 4115 Gellius
985 4060 1055 4124 xvii.
1081 4061 1125 4115 lu
1165 4056 1248 4114 Idem

127 4133 212 4212 porrd
233 4145 439 4214 argumentum
461 4145 584 4213 praeter
606 4138 712 4194 multos
737 4139 810 4196 alios
836 4139 973 4194 tractavit
995 4133 1168 4212 Aeschylos,
1187 4137 1248 4214 qui,

158 4252 215 4303 'Eu
227 4253 282 4318 ipso
293 4254 412 4303 nimirum
424 4269 499 4312 anno,
508 4268 558 4317 quo
567 4251 668 4300 colonia
677 4262 731 4301 erat
743 4252 860 4312 deducta,
871 4251 913 4301 vel
924 4267 975 4301 uno
986 4231 1083 4302 salitum
1101 4265 1168 4300 annu
1185 4259 1249 4316 port.

128 4316 156 4367 id
165 4327 268 4382 apparet
280 4333 312 4367 ex
320 4318 481 4384 Thucydide,
490 4316 532 4391 qui
545 4316 643 4378 (libili.
652 4331 674 4365 e.
684 4317 740 4381 uit.)
750 4317 907 4381 eruptionem
917 4317 1017 4368 Aetnae
1028 4316 1250 4366 commemorated
1307 4357 1321 4377 ,,

128 4381 204 4454 liram·
211 4381 278 4431 tertii
289 4382 349 4430 anni
361 4381 520 4493 Olympiadis
527 4393 668 4429 nxxxvm.
679 4381 782 4442 factam,
793 4381 916 4444 simulque
926 4380 1080 4430 mentionem
1092 4378 1151 4426 facit
1161 4379 1251 4442 prioris

129 4445 262 4509 eruptionis
273 4453 340 4494 anno
352 4456 410 4494 ante
426 4461 435 4493 r
446 4445 453 4493 l

129 4508 205 4574 primo
217 4524 293 4570 anno,
304 4524 353 4582 quo
365 4509 420 4573 ipso
434 4510 545 4559 Aetnam
562 4508 689 4559 coloniam
705 4507 785 4557 Hiero
806 4509 977 4568 constituerat,
993 4507 1034 4556 rel
1052 4506 1142 4556 saltem
1162 4505 1251 4570 altero,

455 4460 497 4494 aur
515 4443 723 4510 quinquagesimo
741 4443 832 4506 factae,
845 4444 860 4493 i.
873 4461 894 4494 a.
914 4442 1074 4509 Olympiadis
1094 4455 1190 4490 nxxvr.
1208 4441 1250 4492 vei
1329 4471 1332 4482 ι

129 4573 151 4623 a
163 4572 196 4622 de
204 4587 272 4636 anuo
283 4573 489 4641 quinquagesima
497 4581 611 4626 vertente
619 4572 729 4627 necdum
737 4573 865 4638 completo
874 4571 958 4628 locum
967 4569 1125 4638 interpretur·
1136 4570 1217 4623 metir·
1285 4593 1286 4596 ¹
