3034 5217
398 241 542 302 NOTAE
569 243 615 301 IN
644 243 892 304 sorfloecsti.
1161 249 1216 308 101

99 366 281 438 interpretes.
302 359 430 418 Brunca.
473 361 548 420 Mihi
573 362 689 420 omnino
712 381 770 420 non
795 363 919 420 absurda
942 363 1062 422 videtur
1082 364 1214 442 vulgaris

99 444 201 508 lectio;
230 458 326 516 neque
348 444 503 515 quicquam
523 439 639 498 facilius
659 459 744 517 quam
774 449 815 515 ut,
844 460 918 518 quae
947 443 1011 500 aliis
1038 446 1216 520 imprecatus

99 535 173 578 esset
187 521 328 594 Oedipus,
344 519 450 577 eadem
465 523 493 576 in
508 539 552 591 se,
566 524 591 578 si
606 525 711 578 noxius
733 519 845 593 luisset,
867 523 1091 596 imprecaretur.
1115 523 1154 580 Τ.
1181 523 1216 582 Y.

98 602 163 671 Qui
177 602 418 672 interpretatione
441 605 472 655 et
496 603 620 656 censuri
644 599 784 658 Brunckii
803 603 937 657 nesciens
951 605 1099 658 concurrit
1122 603 1150 658 J.
1176 603 1215 662 Τ.

98 683 145 753 qni
173 680 283 736 dubitat
312 695 348 734 an
376 675 539 750 ἐπεύχομαι
574 681 683 736 παθεῖν
712 679 823 754 aliquid
851 677 929 735 aliud
957 677 1122 754 significare
1152 699 1218 754 pos·

96 761 142 829 sit,
160 757 244 834 quam
268 759 512 831 imprecationem
537 764 640 813 contra
665 759 842 832 loquentem.
883 757 972 816 Certe
998 757 1103 815 idioma
1125 757 1217 818 Grae·

96 855 162 892 cum
191 841 306 893 omniuo
336 836 473 910 postulat,
502 841 534 891 ut
562 835 725 910 ἐπεύχομαι
755 837 862 894 παθεῖν
884 835 1168 914 significet-precor
1189 849 1218 898 ια

96 936 145 992 ego
156 917 262 993 patiar,
283 917 397 992 ἐπεύχῃ
420 917 540 986 παθεῖν,
563 915 690 992 precaris
710 926 741 972 nt
764 915 1007 992 capellaneas.
1030 915 1117 992 [Vide
1141 915 1217 975 Coll.

96 995 146 1050 Gr.
162 993 230 1050 lilia.
245 995 324 1067 adp.
340 1000 386 1051 32.
402 1012 430 1050 n.
448 993 507 1069 li]
537 993 683 1069 Exempla
707 1000 805 1050 tamen
831 1012 883 1050 occ
907 1001 989 1051 rrunt
1009 993 1058 1052 ubi
1082 995 1216 1054 Latinum

97 1075 202 1129 idioma
216 1081 380 1148 usurpatur.
415 1073 437 1128 l.
454 1073 533 1129 Vera
543 1061 662 1130 virletur
674 1073 817 1130 Branchii
830 1013 968 1148 ohjlctio.
1010 1073 1119 1148 Neque
1135 1079 1216 1132 enim

95 1153 171 1208 haec
187 1155 215 1209 in
230 1170 262 1208 se
280 1156 495 1227 imprecaretur
515 1153 658 1227 Oedipus,
674 1156 755 1228 quasi
772 1155 834 1226 ipse
858 1155 961 1210 nonius
981 1157 1074 1220 esset;
1096 1171 1162 1209 narn
1188 1158 1217 1212 in

95 1231 152 1286 hoc
168 1235 307 1304 temporis
321 1230 455 1302 articulo,
470 1248 555 1304 quam
568 1231 694 1288 maxime
709 1249 815 1305 purum
829 1249 861 1286 se
876 1238 974 1305 putat:
996 1231 1047 1286 sed
1062 1233 1086 1288 si
1098 1236 1218 1292 noxium

94 1311 172 1384 apud
185 1327 216 1365 se
233 1313 409 1367 retinuisset.
451 1311 539 1380 Quod
553 1313 576 1366 si
593 1312 735 1368 voluisset
750 1309 925 1384 Sophocles,
940 1309 1016 1366 haec
1037 1310 1131 1367 verba
1151 1331 1218 1370 ver·

91 1391 139 1444 sui
153 1393 210 1445 272
223 1388 429 1464 subjunxisset
471 1388 505 1445 ll.
527 1395 559 1444 έν
574 1393 637 1450 τοῖς
652 1387 809 1445 ἘΜΟΙΣ
829 1391 919 1450 οἴκοις
934 1387 1075 1445 'EMOY
1088 1389 1219 1460 ξυνειδό-

94 1487 154 1530 τος.
195 1467 273 1523 Tam
284 1467 388 1543 jejuna
402 1469 580 1542 repetitione
596 1486 678 1524 usum
690 1485 755 1524 esse
772 1467 969 1541 Sophoclem!
998 1467 1047 1524 lll.
1070 1467 1133 1544 Ego
1146 1471 1217 1530 olim

93 1547 271 1619 dubitabam,
286 1553 383 1602 utrum
402 1547 550 1603 subaudiri
573 1552 672 1621 posset
695 1545 792 1604 atain
817 1552 884 1602 ante
908 1547 1024 1604 παθεῖν.
1067 1547 1124 1604 Sed
1148 1551 1217 1610 vide

93 1643 189 1680 annon
204 1625 278 1682 haec
302 1623 390 1682 l'aciat
414 1625 487 1681 Oed.
514 1624 588 1700 Tyr.
613 1631 697 1683 1179.
740 1625 809 1682 Eur.
835 1625 931 1682 Orest.
961 1629 1044 1682 1054.
1076 1629 1136 1684 οὐδ’
1160 1625 1219 1703 εἶφ’

94 1703 167 1778 ὑπέρ
187 1713 247 1775 scu,
265 1705 310 1777 μή
333 1706 442 1762 θανεῖν
466 1704 524 1782 [σε]
548 1706 681 1776 σπονθὴν
703 1705 782 1777 ἔχων
807 1701 984 1772 Μενέλαοςς
1005 1703 1094 1779 Soph.
1120 1708 1218 1786 Antig.

96 1789 181 1840 1102.
207 1781 258 1840 καὶ
287 1786 377 1840 ταῦτ’
401 1785 544 1855 ἐπαινεῖς,
563 1781 615 1840 καὶ
635 1785 732 1846 δοκεῖς
754 1781 947 1862 παρεικαθειν
971 1783 1070 1862 [ἐμές]
1096 1783 1218 1846 Cantab.

93 1866 185 1920 Aaou.
207 1861 222 1880 ''
235 1863 309 1919 Vide
324 1881 414 1936 supra
429 1881 456 1918 v.
473 1866 540 1918 905.
564 1863 595 1918 P.

133 1945 200 1998 258.
221 1944 318 2000 -νῦν
332 1940 365 1998 δὲ
380 1943 406 2016 7⁸
420 1943 549 2018 ἐπεκιρῶ
562 1943 590 1997 τ’
603 1941 680 2018 tyci]
702 1941 788 1998 Nunc
801 1960 867 1997 nero
880 1949 976 1999 auctor
995 1962 1055 1999 sum
1075 1942 1134 2021 ipse
1158 1965 1219 2024 qno-
1233 1954 1296 2008 121.

92 2021 244 2097 qna-Sic
259 2018 367 2096 liquido
381 2023 522 2094 scriptum
538 2026 583 2077 est
599 2023 627 2077 in
642 2021 747 2078 codice
758 2020 918 2080 chartaceo
933 2023 1027 2096 regio.
1049 2020 1178 2081 Buurscx.

134 2103 201 2156 260.
221 2098 314 2156 —nol
328 2101 448 2175 γυναῖχ’
462 2100 647 2176 ὁμόσπορον,]
669 2113 693 2157 er
708 2100 774 2175 ejus
788 2101 929 2177 conjugem
944 2111 1093 2158 eorrrortem
1107 2103 1139 2158 in
1152 2125 1220 2181 pro-

91 2179 216 2235 creanda
228 2179 327 2250 sobole,
341 2197 375 2236 τε
392 2180 476 2235 noina
491 2181 594 2236 κοινῶν
610 2177 727 2240 παίδων
741 2179 834 2329 bidem
857 2197 893 2234 ac
917 2176 1008 2236 κοινοῖ
1031 2180 1151 2258 παῖδες]
1176 2181 1199 2240 οἲ
1202 2205 1219 2241 ν

89 2258 161 2315 -εί
173 2257 253 2330 γένος
268 2256 370 2328 ἐκείνῳ
383 2256 427 2329 μή
443 2257 725 2331 &indemnes-riv
763 2277 780 2314 ν
803 2255 1046 2329 censentanea
1068 2279 1221 2321 conrnunner

91 2355 154 2392 αιαπ
169 2357 200 2393 κο
211 2337 292 2393 tiberi
304 2339 421 2414 msccpts'
426 2335 548 2414 saturent
567 2337 648 2411 πείθοι’,
673 2338 698 2393 η’
717 2337 811 2416 proles
834 2339 889 2412 κῃάο
912 2355 967 2392 nort
983 2336 1085 2416 fuirmt
1110 2340 1218 2418 t'trselr‘ae.

89 2415 150 2472 L'bi
165 2416 321 2472 notandum
333 2417 467 2472 voculam
480 2414 522 2473 ἄν
538 2421 742 2490 praenuntiam
756 2433 821 2473 esse
842 2415 938 2487 verbi,
962 2417 1146 2493 eandemque
1162 2422 1218 2479 οιαὶ

90 2512 159 2551 cum
174 2513 228 2551 suo
242 2495 336 2552 rerho
352 2497 468 2570 repeti3
490 2501 522 2550 ut
535 2495 624 2570 saepe
640 2496 679 2553 fit.
703 2497 777 2552 Vide
793 2495 858 2551 Vol.
873 2494 894 2550 1.
910 2494 989 2571 adp.
1010 2499 1074 2554 166.
1088 2515 1113 2551 n.
1132 2503 1158 2555 2.

131 2578 201 2631 264.
224 2575 296 2630 Avo·
309 2569 352 2631 ὧν
367 2576 424 2648 ἐγώ
446 2574 591 2649 τοῦθ’,-]
615 2575 713 2632 Verba
734 2578 778 2632 sic
802 2574 963 2630 ordinanda
984 2581 1069 2632 suni:
1090 2577 1159 2634 οἰνθ
1177 2573 1220 2638 ὧν

88 2655 148 2726 ἐγώ
158 2655 313 2726 μαχοῦμαι
328 2651 404 2730 ὑπὲρ
417 2654 514 2723 τοῦδε,
528 2651 650 2730 ὡσπερεὶ
666 2652 767 2788 [ὑπὲρ]
784 2657 837 2710 τοῦ
851 2655 921 2724 ἐμοῦ
945 2655 1142 2730 anapia-ln
1158 2660 1221 2716 vul-

86 2737 179 2807 gatis,
194 2750 249 2806 pro
271 2733 352 2790 τοῦθ’
376 2733 485 2806 legitur
506 2732 583 2804 καθ’,
600 2733 675 2808 qnod
690 2739 720 2789 et
748 2735 808 2789 erri
827 2737 931 2806 potest
973 2731 1133 2790 Caeterum
1149 2733 1220 2794 fata·

87 2815 127 2870 iis
140 2813 215 2868 haec
227 2814 453 2884 circumstantia,
462 2817 494 2867 ut
503 2811 578 2868 bene
590 2812 728 2868 observat
737 2811 892 2882 Burtonns,
901 2809 938 2865 ab
950 2811 1066 2885 Oedipo
1077 2813 1219 2873 insciente

85 2890 183 2965 saepe
194 2898 391 2958 memoratum
413 2897 445 2947 et
457 2891 585 2947 solerter
595 2890 662 2946 sane
672 2891 729 2946 hoc
740 2897 785 2946 est
797 2889 812 2945 a
830 2889 918 2946 Po'e'ta
928 2889 1102 2963 consultum,
1113 2898 1144 2948 ut
1154 2893 1221 2950 sub·

87 2971 160 3028 inde
170 2968 376 3026 vehementior
384 2974 415 3026 et
427 2969 534 3026 horror
544 2976 576 3025 et
586 2969 791 3026 misericordia
802 2968 987 3026 audientibus
999 2971 1199 3044 ingeneretur.

130 3052 201 3105 267.
227 3045 631 3124 ΤῷΛαθθακείῳπαιὸὶ-]
648 3048 725 3105 idem
741 3049 836 3120 accpi
859 3045 1023 3104 Λαθθοίκον
1047 3047 1145 3123 nardi,
1170 3053 1221 3111 vel

84 3131 145 3184 τοῦ
170 3128 275 3189 παιδος
299 3125 468 3184 Λαθθοίκον·
489 3145 556 3184 nam
579 3127 671 3202 aeque
696 3128 754 3184 dici
780 3133 877 3202 potest
899 3127 957 3184 τόν
981 3125 1142 3206 αὐτόχειρα
1165 3133 1221 3190 τοῦ

83 3206 186 3279 φόνου
200 3209 255 3263 τοῦ
270 3207 379 3268 παιδός
394 3213 426 3262 et
449 3208 496 3278 aqi
518 3205 616 3264 παιδί.
657 3209 752 3282 Atque
777 3207 916 3264 similiter
937 3205 1084 3265 Homerus
1108 3209 1220 3269 Datiro

85 3290 197 3358 utitur,
206 3286 256 3343 uhi
269 3289 413 3361 potuisset
421 3302 486 3342 esse
496 3289 644 3360 genitivus
656 3305 664 3356 ;
688 3287 863 3344 observante
876 3288 1042 3346 doctissimi
1057 3287 1218 3363 Dacierie;

85 3366 178 3436 lliad,
192 3384 223 3438 α,
238 3370 285 3421 θα.
327 3364 416 3436 Quod
431 3373 531 3421 autem
546 3365 583 3421 ad
598 3383 703 3423 vocem
718 3363 899 3436 Λαθόακείῳ
913 3369 1028 3434 attinet,
1053 3371 1098 3423 est
1120 3369 1218 3443 adjec-

83 3450 187 3503 tivum
201 3447 396 3520 possessivum
412 3460 466 3518 pro
481 3461 550 3500 casu
566 3448 741 3519 possessivo,
757 3445 808 3502 vel
819 3447 1102 3518 genitivonominis:
1124 3447 1218 3507 veluti

82 3543 182 3600 quum
206 3523 306 3580 Latine
329 3524 451 3580 dicimus
476 3522 619 3600 Epistotee
644 3522 857 3594 Ciceronianae,
873 3538 927 3597 pro
944 3539 981 3578 eo
996 3522 1073 3597 quod
1089 3530 1134 3580 est
1148 3525 1221 3603 Epi-

80 3605 177 3660 rtolne
195 3602 345 3660 Ciceronis.
388 3603 438 3658 Sic
461 3602 543 3658 lliad.
560 3604 587 3676 β,
603 3607 650 3660 54.
672 3599 824 3678 Νεστορέῃ
848 3598 1007 3676 nepotiani
1029 3601 1219 3678 Πυληῃενὲος

81 3684 243 3754 βασιλῆος·
266 3683 315 3739 ubi
331 3679 496 3758 Νεστορέῃ,
506 3681 583 3755 qnod
594 3688 639 3738 est
650 3681 727 3738 idem
738 3696 773 3736 ao
788 3677 948 3756 Νέστορος,
959 3683 1138 3738 construitur
1152 3699 1220 3740 cum

81 3763 234 3835 βασιλῆος
250 3764 278 3817 in
293 3763 435 3836 genitivo.
478 3760 550 3815 Vide
561 3763 653 3817 etiam
668 3760 749 3816 iliad.
760 3779 785 3834 ε,
795 3763 862 3816 141.
885 3759 942 3816 Ubi
955 3757 1124 3817 Eustathius
1135 3778 1220 3820 enar-

81 3859 158 3896 rans
175 3841 232 3897 hoc
248 3841 411 3916 syntaxeos
425 3857 530 3915 genus,
544 3841 645 3896 citavit
659 3839 737 3896 hunc
753 3838 851 3894 locum
871 3837 1037 3912 Sophoclis,
1048 3841 1090 3895 uti
1107 3843 1220 3899 notavit
1305 3855 1307 3860 ’

82 3921 250 3991 Burtonus,
265 3924 296 3976 et
310 3925 378 3993 post
392 3936 460 3976 eum
476 3917 649 3974 Branchins.
691 3917 803 3974 Verum
818 3915 932 3990 ellipsis
947 3917 995 3974 hic
1010 3917 1067 3975 loci
1090 3921 1131 3975 ita
1152 3937 1220 3996 sup·

80 4000 200 4074 plenda
215 3999 348 4069 τοί-τῷ
362 3995 542 4068 Αασσακείφ
556 3995 644 4054 παισὶ
659 3997 745 4059 ὄντος
763 3998 843 4074 [nam
868 3994 1047 4069 Λαθὸακεάρ
1070 4003 1116 4054 est
1141 3999 1220 4057 idem

79 4097 120 4134 ac
138 4077 316 4150 Andrianton,
331 4083 363 4133 ut
377 4075 532 4155 Νεστορέῃ
552 4092 608 4150 pro
633 4073 797 4153 Νέστορος]
819 4075 876 4132 τοῦ
896 4075 1005 4139 παιδὸς
1031 4077 1219 4156 Πολυδώρου,

78 4177 118 4215 τε
137 4156 322 4233 Πολυσώροο
331 4156 417 4219 ὄντος
436 4159 490 4212 τοῦ
510 4155 617 4218 παισθς
629 4158 683 4212 τοῦ
696 4155 825 4227 Κάδμου
838 4155 994 4230 γενομένου
1000 4153 1120 4234 πρόσθε,
1132 4163 1219 4233 atque

79 4239 125 4292 ita
166 4233 246 4294 orrb.

125 4255 300 4373 ebe-arr.
325 4314 486 4389 -εθχομαι
513 4311 657 4388 θεοθς-]
679 4311 866 4370 Constructio
889 4318 950 4370 est:
981 4313 1105 4388 εὔχομαι
1130 4313 1219 4378 (leode

74 4394 167 4469 μήτε
184 4397 244 4468 γῆν
256 4392 376 4453 α’νιὲναι
400 4395 504 4456 αὐτοῖς
527 4393 600 4450 τινα·
621 4392 742 4467 ἄροτον,
755 4389 830 4464 μήτ’
849 4377 902 4448 οὖν
924 4393 1037 4454 παῖδας
1059 4396 1218 4467 inmoramur·

72 4494 191 4558 precor
201 4475 264 4532 deor
277 4483 401 4530 aeterra
412 4471 542 4556 prostrat
555 4471 594 4532 ἧς
614 4471 702 4528 cllmn
720 4471 1113 4546 incrementum-hactenus
1135 4471 1219 4542 recte
