3034 5217
441 315 581 376 NOTAE
605 317 650 378 ΙΝ
672 319 914 380 SOPHOCLEM.
1189 330 1224 384 31

124 430 174 496 rea
186 435 270 495 valde*
284 436 467 494 vertebantur
484 437 500 493 1
521 437 662 512 Sphinge,
676 445 803 496 monstro
828 441 949 514 quodam
971 440 1127 515 horrendo,
1142 445 1227 518 quod,
1242 449 1305 502 113.

124 535 161 575 ex
183 516 307 591 virgine,
328 516 414 572 leone
439 523 472 572 et
494 518 589 590 aquili
612 520 812 591 compositum,
834 519 954 592 scopulo
978 524 1043 576 viae
1069 524 1228 579 imminenti

125 595 274 666 insidebat,
288 599 319 650 et
332 596 498 667 aenigmata
520 613 572 651 sua
594 593 765 653 difficillima
793 597 1006 653 transeuntibus
1030 601 1228 672 proponebat,

123 691 195 750 quae
225 690 312 748 quum
339 671 456 729 solvere
484 690 541 728 non
569 681 696 746 possent,
724 691 764 730 ex
788 676 944 748 improviso
973 680 1093 731 veniens
1121 677 1174 734 ulis
1199 685 1230 734 et

123 752 264 828 unguibus
278 750 314 807 ad
334 768 366 806 se
382 753 411 806 in
426 767 529 824 rupem
544 750 687 808 trahebat.
729 751 844 826 Oedipo
867 771 992 827 quoque,
1015 755 1063 826 qui
1085 753 1138 810 hic
1164 774 1230 830 pro·

124 830 317 900 ficiscebatur,
339 829 396 885 hoc
419 831 553 903 aenigma
576 828 778 904 proponebat:
809 829 992 900 “Quodnam
1018 833 1123 887 atrimal
1147 833 1229 890 mand

123 909 324 984 “quadrupes
338 908 462 963 meridie
476 908 571 982 bipes,
586 911 705 983 vesperi
720 911 813 982 tripes
828 915 905 966 esset
915 907 947 963 ‘l”
973 909 1063 984 Cujus
1079 911 1230 970 locutionis

123 988 228 1044 nodum
254 986 386 1059 Oedeus
413 986 554 1059 dissolvit,
592 986 1031 1060 respondendo,-“Hominem
1066 994 1229 1063 esse,-qui

124 1063 284 1122 ιιιιὶιιιίιιὶιιι
299 1067 327 1120 in
349 1063 467 1122 insaniii
487 1065 619 1122 manibus
639 1073 670 1122 et
692 1065 816 1140 pedibus
840 1084 957 1140 reperio,
980 1065 1145 1140 quadrupes
1167 1076 1229 1136 est;

124 1150 142 1181 “
153 1142 244 1200 sactus
259 1144 314 1214 vir,
329 1150 360 1198 ut
374 1146 422 1218 qui
438 1143 517 1201 nullo
532 1145 590 1200 alio
601 1163 687 1218 quam
702 1143 809 1218 pedum
822 1143 995 1200 adminiculo
1009 1145 1118 1216 nititur,
1130 1145 1229 1219 bipes;

124 1229 184 1278 “et
197 1225 226 1277 in
239 1228 402 1294 senectute,
417 1223 527 1279 viribus
549 1222 761 1296 deficientibus,
776 1229 921 1296 assumpto
944 1226 1086 1296 scipione,
1109 1223 1230 1298 tripes.”

123 1301 219 1370 Qaram
232 1300 407 1356 solutionem
421 1300 534 1375 Sphinx
549 1306 606 1357 tam
622 1302 710 1376 aegre
726 1303 801 1375 tulit,
818 1307 848 1360 ut
863 1304 956 1358 statim
972 1320 1003 1356 se
1015 1302 1050 1356 de
1062 1319 1132 1357 saxo
1148 1320 1233 1376 prae-

123 1380 296 1452 cipitaverit.
338 1379 468 1453 Oedipus
482 1377 564 1451 verb,
575 1382 624 1455 qui
640 1379 717 1437 filius
733 1379 835 1455 Polybi
851 1383 931 1454 regis
947 1379 1165 1436 Corinthiorum
1183 1380 1232 1436 ha-

124 1457 200 1513 bitus
213 1463 267 1529 est,
282 1461 422 1515 acuminis
437 1460 546 1534 ingenii
561 1459 730 1514 mercedem
744 1453 868 1533 regnum
889 1457 1063 1514 Thebarum
1083 1465 1114 1516 et
1132 1460 1232 1516 locas-

124 1542 181 1591 tam
196 1539 329 1611 reginam
344 1537 373 1592 in
387 1540 602 1593 matrimonium
617 1537 783 1605 obtinebat;
804 1537 962 1594 secundum
977 1535 1063 1592 fidem
1084 1537 1232 1610 publicam

122 1617 152 1669 ei
167 1613 261 1670 datam
276 1618 325 1689 qui
348 1615 403 1671 hoc
427 1613 512 1670 modo
533 1618 683 1672 civitatem
705 1616 835 1690 Sphinge
860 1615 1007 1672 liberaret.
1050 1614 1138 1692 [Vide
1163 1615 1231 1672 Eur.

124 1692 233 1748 Phoen.
248 1693 284 1749 ad
299 1693 374 1769 init]
409 1693 525 1750 Thebis
540 1696 629 1768 igitur
643 1711 698 1767 per
722 1695 833 1768 aliquot
854 1712 942 1750 annos
963 1693 1024 1766 jam
1045 1702 1231 1767 regnaverat,

122 1770 287 1845 liberosque
303 1790 341 1829 ex
355 1778 447 1829 matre
462 1773 513 1827 sus
527 1772 643 1829 locasti
658 1778 838 1846 susceperat,
854 1791 940 1846 quum
955 1771 1103 1844 Thebani,
1124 1775 1232 1846 gravis·

121 1852 193 1905 simi
207 1851 375 1924 pestilentiis
393 1853 537 1924 oppressi,
551 1849 699 1907 oraculum
723 1850 865 1924 Apollinis
890 1851 1051 1906 consultum
1080 1854 1232 1921 miserunt,

122 1927 192 2002 quid
206 1932 386 2002 potissimum
400 1927 540 1985 facerent.
582 1929 740 2003 Respondit
748 1929 835 2000 «deus,
851 1947 971 1985 necesse
987 1945 1051 1984 esse
1069 1937 1099 1984 ut
1114 1930 1149 1985 de
1166 1947 1233 1985 auc-

122 2015 187 2062 tore
202 2008 300 2064 caedis
314 2008 378 2064 Laii
392 2009 569 2081 supplicium
582 2013 741 2062 sumerent.
783 2007 914 2081 Oedipus
931 2011 1005 2081 ipse,
1021 2009 1078 2064 tale
1095 2005 1233 2064 sucinusd

121 2088 220 2159 seipso
235 2103 317 2159 posse
334 2087 444 2144 admitti
459 2103 603 2160 nunquam
617 2089 790 2158 suspicatus,
805 2089 914 2142 summi
930 2104 987 2160 ope
1004 2088 1105 2142 nititur
1119 2105 1155 2142 ne
1171 2104 1233 2142 sce-

123 2164 194 2220 leris
207 2170 337 2238 patrator
351 2162 455 2220 diutins
470 2165 584 2221 lateret.
626 2165 669 2220 Ad
685 2168 873 2239 agnitionem,
889 2169 963 2236 sive,
979 2171 1009 2220 ut
1025 2173 1109 2220 vocat
1124 2157 1243 2222 Aristo-¹

123 2244 208 2314 teles,
222 2243 425 2318 otaoyro'ipeoiv,
440 2259 637 2317 progressum,
652 2248 683 2299 et
698 2259 772 2317 quae
790 2242 854 2300 inde
870 2249 1044 2316 evenerunt,
1061 2243 1232 2317 Tragoedia

122 2325 188 2395 ipsa
200 2321 376 2379 nobilissima
390 2322 514 2379 docebit.

167 2475 229 2534 Ver.
247 2483 271 2535 l.
292 2476 418 2550 Κοίὀμου
432 2480 486 2536 τοῦ
499 2477 595 2537 adies
610 2477 661 2536 νέα
677 2479 796 2557 opopa]
813 2481 918 2556 19⁰i⁰th
934 2477 1038 2552 5P01's·
1059 2478 1135 2534 med.
1151 2479 1235 2536 Verbi

121 2553 233 2630 τρέφω,
247 2557 302 2629 ulo,
316 2557 404 2632 vulgo
418 2562 490 2633 sigo.
501 2559 615 2615 vivendi
629 2559 712 2630 ratio,
723 2561 831 2616 uictus:
846 2559 897 2614 sed
913 2559 960 2614 hic
972 2559 1072 2635 proles,
1081 2557 1234 2634 progenies.

120 2633 250 2705 Κάδμον
264 2639 319 2691 τοῦ
339 2634 445 2707 ποίλοι,
460 2639 522 2693 scil.
544 2636 707 2710 γενομένου·
730 2636 867 2712 frequens
893 2643 937 2694 est
959 2636 1124 2710 hujusmodi
1147 2636 1235 2692 dictio

122 2715 272 2788 eliiptica:
294 2720 326 2771 ut
339 2716 506 2772 observavit
520 2715 672 2771 Burtonas.
713 2715 788 2772 Vide
806 2714 853 2771 inl.
871 2735 897 2771 v.
914 2720 979 2772 ⁶268.

163 2797 191 2847 9.
217 2791 307 2854 Τίνας
319 2796 382 2849 ποθ’
391 2791 476 2868 ἔδρας
488 2793 574 2849 τοῖσδ’
587 2791 649 2864 ἐμοὶ
660 2793 808 2867 dedisce]
825 2793 868 2849 dd
880 2795 1012 2862 verbum,
1026 2791 1167 2862 Quosuom
1178 2803 1237 2848 toa·

121 2870 185 2924 dem
196 2871 323 2927 sessiones
337 2873 386 2927 lios
394 2872 464 2927 atti
474 2871 593 2928 sedetis?
613 2872 641 2926 h.
657 2891 685 2927 e.
702 2871 883 2944 Quamobrem
897 2889 991 2945 quinceu
1005 2871 1048 2924 hic
1063 2871 1103 2925 itu
1117 2871 1237 2926 sedetis?

125 2948 299 3022 liujusmodi
313 2951 422 3006 locutio
445 2951 571 3006 solennis
595 2956 640 3005 est
661 2951 737 3024 apud
760 2949 890 3005 Graecos
911 2953 1081 3023 scriptores,
1102 2948 1149 3002 ubi
1174 2947 1236 3004 scil.

122 3045 185 3084 vox
200 3033 322 3102 cognata
336 3031 467 3103 sequitur
479 3046 562 3084 suum
577 3028 716 3096 verbum3
738 3033 781 3086 sic
795 3026 870 3100 λέγω
886 3025 980 3100 λόγον,
992 3023 1093 3100 γράφω
1107 3027 1237 3100 γραφὴν,

121 3112 156 3161 et
170 3107 283 3162 similia.
306 3108 394 3184 [Vide
409 3107 473 3163 Vol.
490 3107 511 3162 l.
526 3107 562 3162 ad
576 3125 605 3180 p.
620 3111 668 3163 31.
684 3126 710 3162 ιι.
730 3105 788 3180 11.]
833 3105 902 3162 Nec
928 3107 1043 3162 insolita
1066 3111 1110 3160 est
1133 3105 1235 3162 eudem

121 3185 240 3258 phrasis
254 3186 331 3259 apud
345 3185 476 3242 Latinos:
499 3185 577 3241 Nam
592 3189 647 3241 etsi
663 3188 712 3243 vix
726 3184 800 3242 bene
816 3184 914 3241 Latini
926 3187 961 3240 sit
971 3183 1060 3240 scalere
1074 3184 1237 3252 sessione-im

122 3264 185 3319 dici
214 3269 311 3319 tamen
340 3269 437 3338 potest
456 3284 582 3341 pugnare
603 3284 738 3341 pugnam,
761 3263 880 3320 dorniire
908 3283 1039 3334 semmua,
1068 3270 1098 3318 et
1122 3264 1236 3320 similia.

122 3340 284 3397 Caetertlm
298 3340 399 3414 θοοίζω
413 3350 459 3400 est
472 3342 549 3399 idem
564 3361 597 3398 ac
613 3342 804 3400 Homericum
819 3340 953 3414 θαάσσω,
970 3343 1017 3400 vel
1038 3339 1150 3414 θιίσσοι,
1161 3362 1236 3418 pono

120 3439 167 3474 me
191 3419 222 3474 ιἰι
243 3420 343 3493 sedem,
366 3421 450 3477 sedeo.
492 3421 620 3496 Utraque
645 3441 704 3478 vox
727 3423 856 3477 derivari
879 3421 997 3478 videtur
1022 3420 1038 3475 ri
1062 3418 1133 3491 θέοι,
1163 3420 1236 3476 unde

121 3497 242 3571 τίθημι,
254 3519 336 3575 pono.
378 3499 500 3556 Omnino
515 3501 651 3574 displicet
666 3503 765 3574 opinio
781 3503 836 3556 viri
856 3501 1012 3554 doctissimi
1035 3499 1071 3554 ll.
1097 3499 1237 3572 Stephani

121 3578 249 3632 uerbum
277 3575 394 3649 θοάζειν
423 3578 530 3639 isoes
553 3579 732 3648 deducentis,
757 3585 788 3633 et
810 3577 991 3649 conjicientis
1014 3594 1097 3650 posse
1119 3577 1237 3647 θοάζειν

94 3658 236 3727 ¹erponi
251 3656 374 3712 celeriter
387 3655 420 3736 (i.
436 3675 463 3712 e.
478 3655 571 3735 θοῶς)
592 3657 625 3712 ιἰι
640 3656 722 3712 sedile
736 3654 865 3722 insiliam
886 3654 961 3727 quod
976 3655 1055 3711 nullo
1072 3654 1156 3710 modo
1171 3673 1238 3710 con·

92 3715 208 3789 ‘venit
218 3752 285 3790 cum
300 3734 355 3790 hoc
371 3736 523 3809 Sophoclis
535 3735 608 3791 loco.
649 3736 784 3790 Occurrit
799 3730 903 3789 θιίσσει
920 3730 993 3788 inl'rd
1015 3751 1042 3788 v.
1056 3737 1119 3788 ltil.
1139 3731 1153 3750 ‘'
1165 3732 1237 3809 stipa

119 3829 216 3884 saepe
232 3819 277 3868 est
298 3817 388 3870 sessio
410 3814 574 3888 supplicum
592 3813 627 3869 ad
648 3831 722 3884 aras,
749 3811 797 3868 vel
823 3807 910 3866 socos.
952 3809 1025 3870 Vide
1052 3811 1140 3884 Sopla.
1164 3812 1236 3868 Oed.

119 3889 190 3945 Col.
206 3895 288 3947 1158.
303 3896 385 3948 1163.
397 3892 442 3947 ed.
459 3892 506 3947 Br.
517 3891 602 3947 Ηοιιι.
613 3891 668 3947 Od.
682 3911 712 3962 η,
725 3895 789 3947 153.
800 3909 859 3963 sqq.
871 3895 901 3946 et
917 3889 1062 3964 Tragicos
1078 3891 1190 3962 passim.
1207 3890 1237 3946 P.

162 3974 193 4025 3.
213 3969 478 4043 -ἐξεσνεμμένοι,]
497 3968 573 4025 ciaet*
588 3972 641 4025 τοῦ
656 3967 872 4040 κεκοσμημένοι.
896 3967 982 4023 Schol.

164 4049 192 4102 8.
212 4048 251 4102 ‘O
278 4051 352 4104 πιῖσι
377 4047 546 4122 κλεινὸς-]
568 4047 678 4105 Confer
705 4048 793 4104 Hom.
823 4045 925 4120 Odyss,
947 4066 969 4119 ι,
985 4051 1031 4103 20.
1047 4045 1133 4120 suprd
1147 4065 1175 4121 p.
1192 4051 1238 4105 29.

117 4131 154 4181 et
169 4125 253 4198 Virg.
270 4127 341 4182 Aen.
357 4129 377 4197 1,
393 4131 460 4182 378.
1274 4122 1283 4141 “

162 4206 192 4259 9.
212 4202 317 4261 -ἔπεί
332 4204 453 4280 πρέπων
467 4204 589 4277 iper-d
610 4205 694 4276 ἔφνν,
707 4222 767 4260 sor.
783 4208 810 4262 e.
826 4203 840 4260 d
856 4201 931 4276 φύω,
945 4205 1030 4277 aspi,
1051 4205 1138 4278 saepe
1158 4205 1239 4262 reddi

115 4283 252 4356 postulat
266 4302 333 4338 ενοι.
354 4282 474 4359 πρέπων
489 4284 568 4354 ἔφυς,
585 4282 662 4338 idem
686 4283 734 4339 bic
756 4289 800 4340 est
825 4301 859 4340 ec
877 4282 981 4358 πρέπει
1003 4292 1055 4340 σοι.
1097 4286 1145 4339 Sic
1165 4282 1239 4340 insrai

115 4377 150 4416 v.
167 4365 237 4418 587.
251 4361 313 4417 οὔτ’
328 4363 423 4424 αὐτὸς
439 4360 559 4438 ἱμείρων
574 4362 658 4431 ἔφυν,
672 4381 755 4439 aeque
773 4362 832 4440 ipse
853 4361 963 4438 cupiens
983 4383 1052 4434 sara,
1070 4364 1088 4419 1.
1104 4380 1130 4418 e.
1155 4381 1239 4438 aeque

113 4437 182 4516 ipse
197 4441 297 4516 cupio.-
317 4446 349 4496 et
363 4440 431 4497 Eur.
447 4440 595 4497 Phoeniss.
614 4443 789 4504 133.-παῖς
811 4437 867 4513 μὲν
893 4439 1001 4503 Οἰνέως
1016 4442 1080 4514 ἔφν,
1087 4439 1167 4516 filisu
1182 4440 1240 4516 qai-

114 4515 187 4578 dem
202 4517 290 4576 Oenei
303 4529 348 4575 est.
390 4519 454 4576 Vid.
470 4521 558 4578 etiam
580 4517 848 4597 Eor.8upp1.292.
864 4520 1039 4596 etquaeibi
1061 4521 1171 4578 noterit
1193 4519 1239 4582 eir
