3034 5217
439 342 581 404 NOTAE
601 345 648 424 tri
668 342 948 404 THEOCRITUM.
1186 355 1242 414 193

118 467 177 547 γῇ.
218 465 364 540 “Aliquis
377 481 440 522 sum
455 469 485 522 in
500 466 607 524 Sicilia.
650 467 772 524 Puellae
787 485 833 526 me
849 485 905 526 non
929 463 1047 543 prorsus
1071 466 1238 544 negligunt3

117 543 635 681 :sedinffetssepfflffumsvffissffoe‘
657 546 873 620 cachinnantes,
895 553 927 604 et
949 563 1065 654 mecum
1087 547 1238 606 colludere

149 641 209 761 <gig
221 641 439 774 e-'ia'ocpmsv
467 703 521 759 τὸν
556 667 652 780 {poian
689 701 888 779 Massaron]
924 703 1096 761 eoniillondo
1115 703 1237 782 fallebat

115 801 243 866 amoreis
255 801 341 838 mum.
371 780 452 873 ¹l'oat
466 779 489 851 ἢ
504 782 609 871 supple
623 781 660 851 εἰ,
675 791 706 874 et
720 789 788 838 ante
804 783 913 878 {doaso
927 782 1048 839 subaudi
1075 801 1132 845 aso.
1158 783 1237 842 llas-

114 877 177 918 xes.
199 859 302 918 Redde
318 865 430 936 potrus:
452 878 534 937 quom
547 879 572 916 aa
586 860 718 917 remedia
732 881 801 918 auro
815 873 959 918 coenasset.
980 859 1019 918 T.
1036 860 1146 918 Youno.

157 1245 500 1307 *ΣΤΡΑΚΟΤΣῙΑΙ
526 1246 549 1320 ἢ
573 1245 929 1323 ΑΔΩΝῙΑΖΟΤΣΑῙ]
960 1249 978 1304 i.
994 1265 1020 1305 e.
1050 1248 1308 1326 Saracenarum

114 1325 175 1384 eive
198 1328 336 1384 Anonrnrs
360 1345 469 1384 rrsrurs
492 1327 665 1384 celebrantes.
703 1326 833 1403 ldplle'om
846 1325 877 1381 X
880 1325 912 1382 V.
954 1327 1006 1383 Est
1026 1326 1082 1385 hoc
1098 1329 1232 1404 ldyllium

115 1405 191 1464 mihi
207 1405 333 1481 quidem,
347 1421 402 1481 pro
416 1423 503 1463 sensu
518 1423 595 1478 meo,
612 1409 653 1462 ita
666 1423 759 1463 suave
775 1410 806 1462 et
821 1402 970 1478 festivum,
984 1411 1016 1461 ut
1031 1409 1061 1464 in
1085 1407 1233 1466 Theocri·

115 1486 173 1541 teis
197 1501 293 1559 pauca
315 1485 472 1543 videantur
493 1501 558 1542 esse
583 1501 649 1542 cum
669 1501 706 1541 eo
731 1483 768 1540 ad
789 1487 964 1541 suavitatem
986 1491 1018 1542 et
1042 1475 1232 1544 festivitatem

114 1564 320 1638 comparanda.
362 1563 519 1620 Lectorem
528 1569 615 1638 poeta
629 1579 716 1619 manu
727 1565 808 1638 quasi
820 1567 1007 1636 praesentem
1019 1563 1048 1620 in
1059 1581 1123 1622 rem
1134 1565 1230 1636 ducit;

115 1648 148 1699 et
166 1643 268 1718 digito,
284 1659 358 1717 quae
372 1647 526 1717 geruntur,
538 1641 654 1718 singula
668 1657 801 1717 quaeque
817 1641 1011 1711 demonstran
1033 1649 1064 1699 et
1077 1643 1232 1717 garrulita-

114 1726 187 1792 tem,
202 1721 365 1793 levitatem,
379 1723 513 1795 ineptias,
533 1720 712 1794 superbiam,
736 1720 959 1794 malignitatem,
982 1722 1231 1795 importunitatem

115 1799 358 1858 muliercularum
387 1802 462 1856 aivis
490 1799 636 1856 coloribus
664 1799 804 1874 depingit.
835 1796 949 1855 Rersxe.
991 1797 1118 1856 Carmen
1144 1800 1230 1878 longe

114 1880 328 1950 suavissimum,
338 1885 369 1935 et
383 1896 440 1954 quo
454 1878 527 1935 nibil
541 1875 682 1950 festivius,
692 1884 743 1934 aut
757 1877 834 1951 quod
849 1876 1049 1934 vernilitatem
1062 1881 1157 1953 sapiat
1170 1897 1231 1937 ma·

113 1959 168 2032 gis.
208 1955 260 2014 Est
281 1966 379 2016 autem
399 1960 539 2032 scripturn
569 1956 764 2013 inhonorem
788 1954 949 2012 Ptolemaei
978 1953 1176 2032 Philadelphi,
1198 1967 1231 2016 et

113 2038 223 2092 sororia
236 2053 307 2093 suae
329 2038 480 2109 Arsinoae,
498 2033 576 2109 Quae
590 2054 662 2092 noae
675 2054 767 2091 sorore
780 2032 894 2090 dolcioa
931 2032 1009 2090 Nam
1033 2033 1230 2110 Ptolemaeus,

113 2114 192 2189 quod
206 2115 409 2172 Alexandrinis
419 2113 579 2190 jucundum
593 2113 708 2170 scilicet
721 2119 753 2170 et
765 2111 897 2182 solenne,
921 2113 950 2168 in
971 2115 1153 2170 matrimonio
1177 2115 1230 2173 ha·

113 2192 177 2249 buit
203 2198 235 2249 ut
249 2192 769 2268 Jupiterlunonem,sororemsusm
783 2189 988 2262 adsadilom.
1009 2189 1103 2250 Toup.
1133 2193 1229 2258 scen.
1313 2236 1316 2242 .

113 2289 153 2328 ve
202 2271 397 2329 Alexandriae
408 2271 524 2349 figenda
538 2278 599 2329 est:
621 2271 794 2345 Syracusiae
809 2269 857 2326 hic
872 2268 1078 2345 colloquuntur
1087 2271 1228 2329 mulieres

113 2349 152 2406 de
167 2347 267 2424 plebe,
280 2367 337 2406 noo
353 2353 439 2423 primi
454 2351 562 2408 ordinis
576 2355 852 2423 matronae,-quae
868 2350 898 2404 in
912 2349 1090 2424 Aegyptum,
1102 2349 1229 2409 Alexan-

113 2427 217 2501 driam,
231 2431 465 2505 commigrarant,
480 2437 511 2488 et
522 2429 569 2486 hic
584 2429 750 2486 habitantes
761 2429 880 2484 maritos
891 2443 1024 2503 quaeque
1033 2443 1110 2502 suos,
1119 2429 1228 2488 liberos

113 2512 146 2563 et
158 2523 271 2581 servos,
286 2507 494 2566 ancillascerte
506 2508 676 2565 habuerant.
717 2505 750 2562 lo
765 2505 969 2562 Alexandrinis
984 2510 1083 2563 autem
1097 2507 1227 2584 Adoniis,
1319 2527 1325 2544 ·

112 2583 130 2641 ai
146 2583 269 2662 Cyrillo,
285 2585 512 2661 archiepiscopo
525 2586 731 2658 Alexandrino,
747 2586 791 2664 [in
806 2583 969 2642 Commeat.
984 2587 1013 2641 in
1027 2583 1082 2642 les.
1097 2603 1163 2662 cap.
1181 2590 1225 2645 tu.

112 2681 182 2740 opp.
198 2671 266 2721 tom.
281 2665 309 2720 li.
325 2683 353 2741 p.
369 2665 451 2741 tta]
473 2663 558 2722 latiis
580 2664 746 2740 descriptis,
771 2663 814 2740 [v.
837 2661 941 2720 Valck.
956 2681 984 2739 p.
1003 2667 1068 2737 192,
1083 2664 1139 2740 sip]
1164 2683 1227 2724 mos
1256 2663 1260 2672 '
1325 2709 1330 2716 -

111 2740 178 2815 suit,
201 2759 347 2800 exornare
371 2743 496 2802 semidei
519 2745 643 2818 signum,
664 2749 752 2819 atque
777 2741 848 2799 illud
873 2745 1020 2818 sequentis
1045 2740 1141 2800 forsan
1165 2744 1226 2804 diei

111 2838 226 2878 summo
248 2839 344 2892 mane,
369 2823 572 2880 comitantibus
598 2824 745 2898 primariis
769 2822 916 2889 matronis,
944 2822 1034 2896 iisque
1059 2825 1127 2896 piis,
1150 2839 1225 2897 prae

112 2904 232 2973 ceteris,
257 2901 437 2976 cultricibus,
465 2901 501 2957 od
525 2917 606 2959 mare
629 2899 777 2958 deducere
800 2899 984 2956 abluendum.
1028 2896 1112 2957 conf.
1142 2899 1224 2959 Bion.
1250 2895 1255 2904 '

111 2977 193 3054 ldyll.
210 2982 229 3036 i.
251 2977 376 3036 Hennes.

153 3131 218 3192 Ver.
235 3140 260 3192 i.
282 3135 382 3194 Evae
393 3135 548 3213 Πραξινόα
560 3135 585 3213 ,·]
607 3135 718 3212 Supple
732 3134 801 3194 sitsi
808 3135 980 3212 ,a-I'opyoe‘,
995 3151 1031 3192 ex
1045 3135 1128 3194 codd.
1142 3136 1225 3196 dedit
1283 3175 1285 3180 .

110 3211 213 3270 Valclr.
228 3231 284 3290 pro
298 3215 414 3290 vulgari
429 3215 540 3293 Γοργώ·
562 3219 611 3291 qui
626 3221 658 3272 et
671 3215 719 3272 hic
733 3214 846 3294 induxit
862 3218 954 3290 ipsam
973 3213 1146 3274 Praxinoam
1168 3222 1224 3274 sta-

110 3293 162 3348 tim
178 3293 355 3369 loquentem,
368 3311 425 3390 pro
440 3294 540 3352 Eunai
555 3294 671 3366 ancilli,
694 3312 780 3369 quam
806 3293 888 3372 [vide
911 3311 939 3350 a.
961 3297 1008 3350 27.
1034 3298 1080 3350 54.
1107 3293 1168 3370 di]
1191 3301 1224 3352 ut

111 3372 213 3442 κωφόν
228 3380 305 3429 esset
318 3381 474 3450 κροσωπον
495 3372 577 3445 fecit,
599 3376 689 3430 instar
712 3371 898 3448 Thestylidis
921 3373 950 3429 in
973 3369 1222 3447 Pharmaceutrid‚

109 3449 289 3526 Eutychidos
304 3458 335 3508 et
351 3450 496 3528 Phrygiae
514 3454 542 3510 io
556 3452 614 3509 hoc
628 3452 767 3509 carmine.
783 3453 825 3529 [a.
840 3454 887 3507 ds.
903 3449 964 3526 et]
987 3450 1068 3507 Idem
1088 3457 1172 3526 putat
1191 3459 1224 3510 et

109 3530 165 3584 ista
178 3548 206 3586 a.
222 3533 249 3587 3.
281 3529 358 3605 Epeo
374 3528 535 3605 κάλλιστα,
550 3535 579 3589 in
594 3530 660 3587 edd.
674 3529 795 3587 Eunoae
819 3527 940 3586 absurde
965 3527 1037 3586 dari.
1052 3531 1128 3592 -oie
1153 3528 1223 3607 χρό.

111 3625 192 3675 vor-
205 3609 256 3666 slii
272 3607 339 3665 dant
353 3607 462 3685 χρόνω,
476 3614 508 3667 ut
521 3615 559 3666 sit
572 3609 647 3667 Dor.
661 3625 728 3684 gen.
743 3606 772 3664 h.
791 3624 818 3664 e.
842 3609 879 3668 ola
902 3605 954 3663 osu
978 3607 1091 3664 πολλοῦ
1104 3619 1107 3630 ·
1114 3607 1223 3686 χρόνου
1238 3681 1242 3686 ¹

109 3679 209 3757 ἦλθες,
224 3685 305 3763 wem
319 3685 368 3744 dio
382 3699 522 3768 expectato
533 3697 595 3766 post
619 3687 731 3763 longam
752 3683 860 3742 tandem
875 3698 978 3762 tauma
990 3684 1113 3742 venuti!
1133 3687 1220 3744 emor

108 3762 232 3842 ςιιίιιὶπιο
246 3764 321 3822 domi
334 3785 401 3822 nem.
443 3767 564 3824 Fatetur
586 3772 685 3823 tameo
706 3763 810 3821 Valclr.
835 3765 871 3826 obs
891 3760 988 3840 χρόνῳ
999 3785 1011 3833 ,·
1030 3764 1120 3838 dodoi,
1142 3761 1221 3824 sores

106 3844 676 3981 ili'iitlillllllllllllll
685 3841 1221 4004 iAlllllllltllilttll

106 3941 290 4076 respondiffae
306 4005 335 4058 ei
349 4002 467 4060 videtur
481 3963 814 4060 rarione-Proxim'a
838 3961 1049 4074 autem,¹alatlae
1075 4003 1104 4058 in
1127 3993 1219 4073 vindos

105 4085 228 4152 mutato,
244 4080 397 4138 wartonus
412 4082 474 4139 vult
488 4081 576 4138 tribui
598 4080 746 4161 Gorgoni:
774 4078 877 4152 Oadp’,
891 4073 941 4138 ’ότι
966 4076 1016 4136 καὶ
1037 4080 1094 4136 νῦν
1120 4073 1218 4152 dabor·

60 4173 64 4177 ’
105 4165 170 4222 tum
184 4162 336 4233 sequentia
349 4161 455 4216 iterum
471 4156 651 4216 Praxinoae’:
671 4155 729 4237 ὅρη
751 4156 868 4236 ds'ppov,
891 4155 1007 4234 savoa,
1028 4159 1120 4233 αὐτᾷ·
1143 4159 1220 4240 quod
1278 4161 1292 4198 ·'

104 4255 165 4296 non
180 4237 325 4312 improbat
339 4237 557 4296 Valckenarius.

147 4321 176 4373 2.
196 4313 253 4391 ὅρη
267 4315 519 4395 δίφρον-αὐτῷ]
540 4317 595 4374 Sne
623 4337 655 4376 or
667 4338 687 4376 o
700 4315 790 4390 cloia,
811 4313 920 4374 emon.
961 4314 1048 4388 Quod
1070 4320 1218 4376 amicitiae

107 4402 141 4454 et
155 4397 360 4453 observantiae
375 4399 498 4471 signum.
539 4396 590 4469 Εμ
631 4398 663 4455 λε
679 4393 731 4453 καὶ
741 4393 929 4472 ποτίκρανον.
944 4393 1008 4452 dod
1013 4405 1059 4472 get
1072 4415 1092 4453 a
1101 4413 1219 4458 crunon

107 4487 162 4534 too.
202 4473 290 4545 Quod
304 4475 440 4532 mollitiei
455 4480 486 4532 et
499 4476 666 4551 elegantiae
682 4474 833 4532 muliebris
848 4481 900 4531 est.
921 4471 1014 4532 Tonr.

141 4558 177 4688 ὃ.
196 4551 436 4692 -ἰῖδαμάτωῆ
457 4555 523 4613 Hoc
537 4571 591 4632 pro
606 4555 720 4630 vulgari
734 4550 900 4629 oldendune,
913 4552 963 4620 vel
977 4549 1051 4617 Dor.
1064 4551 1218 4630 noeman,

170 4649 216 4692 οι.
261 4672 269 4688 .
400 4637 438 4690 tii
