3034 5217
304 285 322 336 e
638 271 781 332 NOTAE
805 272 850 330 ln
871 263 1089 331 HOMEHUH,

264 403 291 456 3.
302 399 397 468 verat,
414 397 540 471 patriam
558 393 681 450 Homeri
699 391 826 449 credidit
853 393 903 449 vel
928 391 1025 449 Chion
1045 391 1177 465 insulam
1190 391 1243 450 rel
1258 392 1406 470 Smyrnam,

304 477 354 536 vel
368 475 471 532 saltem
486 475 583 530 locum
598 473 725 546 aliquem
739 489 811 528 orae
827 472 970 528 Asiaticae
984 473 1063 528 inter
1082 470 1204 528 Rhodon
1221 479 1254 529 et
1275 472 1406 531 Tenedon

300 556 468 632 jacentem
489 559 522 608 et
536 551 592 608 boc
606 551 721 626 quidem
737 550 979 608 verisimillimum
994 550 1091 607 reddit
1105 553 1285 627 argomentis
1298 569 1336 610 ex
1350 554 1408 628 ipsis

305 635 429 692 Homeri
442 630 615 688 carminibus
630 631 739 705 petitis,
758 647 833 705 quae
854 627 1008 686 admoddm
1025 629 1146 687 difficile
1167 628 1245 688 foret
1264 631 1407 688 infirmare.

303 713 407 851 {Harey
427 729 463 767 on
479 709 521 766 tlte
544 708 678 787 Originnl
699 708 871 766 Geniusond
892 708 1026 787 Writingr
1043 708 1080 786 os
1093 708 1227 781 Romen*
1247 729 1277 786 p.
1299 715 1342 768 13.
1354 711 1407 786 ts]

330 811 350 850 x
365 795 399 848 iis
413 795 512 846 autem
530 805 605 864 quae
622 789 658 844 de
683 787 816 844 Homero
832 793 988 846 namantur
1009 805 1099 845 onum
1118 794 1165 846 est
1185 790 1223 848 de
1248 809 1306 866 quo
1326 791 1407 846 nullu

304 867 417 938 omnino
441 867 612 924 dubitationi
635 867 715 924 locus
738 884 803 923 esse
825 870 927 941 possit,
949 885 1017 924 eum
1037 866 1144 944 nempe
1159 872 1314 946 egregium
1330 866 1407 926 foisse

303 949 565 1026 peregrinatorem.
607 947 683 1022 lpse,
698 951 834 1022 tanquam
848 963 916 1003 suns
928 944 1060 1022 Hlysses,

420 1103 685 1160 ——osoltomm
694 1103 830 1182 prunidus
842 1103 920 1161 somer

422 1183 461 1242 Et
474 1203 561 1240 morer
573 1183 714 1240 ltorninom
727 1183 854 1262 inspersit.

304 1343 370 1402 Hoc
385 1359 499 1416 quoque
516 1359 555 1399 ex
569 1341 745 1398 carminibus
760 1339 824 1415 ejus
838 1344 956 1416 passim,
972 1347 1003 1398 et
1016 1345 1193 1417 praesertim
1213 1340 1232 1397 e
1250 1348 1333 1416 parte
1354 1359 1408 1418 pos

304 1425 415 1480 teriore
432 1422 496 1478 libri
511 1421 630 1477 secundi
645 1421 750 1494 iliadis,
766 1423 814 1495 qni
831 1420 982 1498 Catulogreo
995 1419 1084 1496 vulgo
1102 1425 1235 1493 vocatur,
1252 1419 1408 1479 manifestis

304 1503 407 1558 simum
428 1505 481 1557 est.
523 1500 607 1556 llaec
629 1501 716 1571 onim,
736 1501 771 1556 ei
796 1517 852 1574 qua
876 1499 1022 1556 Homerus
1044 1501 1117 1557 vixit
1139 1505 1249 1572 aetate,
1268 1499 1284 1554 i
1305 1504 1405 1556 nemine

304 1581 437 1654 componi
447 1581 599 1654 potuisset,
611 1581 663 1634 nisi
676 1579 713 1633 nb
725 1579 775 1636 illo
786 1582 834 1654 qui
847 1580 983 1653 regiones
994 1580 1033 1635 ibi
1050 1579 1209 1653 descriptas
1224 1579 1288 1652 ipse
1299 1580 1405 1636 visisset

302 1657 413 1715 Volunt
427 1658 555 1714 nonnulli
570 1676 637 1714 eurn
653 1655 741 1712 fuisse
764 1659 941 1733 Aegyptium
957 1675 1081 1734 genere,
1104 1675 1143 1714 er
1162 1655 1248 1713 domo
1269 1657 1366 1714 illustri
1383 1665 1407 1714 et

304 1739 397 1813 regii,
412 1737 620 1793 liberalissimis
636 1737 737 1792 studiis
760 1737 931 1805 educatum;
954 1752 1080 1811 eumque
1103 1736 1211 1792 divitiis
1234 1737 1405 1811 omnibusque

304 1819 398 1892 copiis
413 1818 582 1872 instructum
598 1818 703 1872 itinera
717 1833 768 1872 sua
783 1814 953 1872 confecisse.
995 1816 1053 1872 Sed
1068 1815 1143 1872 haec
1153 1817 1253 1888 opinio
1263 1816 1346 1872 nullis
1358 1816 1406 1871 ido

304 1899 368 1953 neis
383 1896 561 1970 argumentis
575 1894 771 1951 confirmatur.
813 1895 1008 1951 verisimilius
1030 1896 1157 1965 ridetur,
1180 1895 1258 1968 quod
1279 1892 1406 1950 affirmant

304 1977 362 2047 alii,
378 1992 446 2031 eum
462 1973 636 2047 ΑΟΙΔΟΝ,
651 1977 714 2031 slve
736 1972 832 2031 Votem
850 1983 996 2046 monton,
1014 1972 1112 2045 luisse,
1127 1979 1159 2029 et
1174 1975 1271 2029 varias
1286 1975 1406 2048 regiones

304 2055 357 2111 sub
377 2053 433 2110 hac
452 2055 578 2128 personi
600 2055 784 2128 peragrisse,
803 2053 903 2109 domos
925 2055 1090 2129 principum
1105 2053 1286 2126 aliorumque
1301 2051 1406 2107 divitum

303 2131 550 2210 frequentantem,
566 2139 597 2190 et
612 2149 711 2188 omnes
727 2133 762 2188 ad
777 2151 849 2208 quos
864 2132 969 2189 adierit
983 2133 1089 2190 divinis
1107 2133 1165 2188 suis
1182 2132 1333 2187 cantilenis
1345 2128 1406 2187 miri

304 2213 510 2270 delectantem.
552 2211 742 2292 [Bloclmell's
761 2211 889 2288 quuiry
910 2212 969 2268 into
997 2212 1040 2269 tbe
1064 2210 1131 2289 Life
1151 2209 1209 2269 and
1236 2207 1411 2289 Wntingsos

304 2291 419 2364 Homer,
443 2289 511 2347 Seri.
531 2289 607 2367 viii]
649 2291 756 2348 Fertur
770 2297 929 2364 praeterea
952 2291 1115 2348 Homerum
1130 2286 1219 2346 fuisse
1234 2306 1362 2346 caecum:
1380 2294 1407 2342 ot

304 2372 387 2428 multi
402 2369 556 2426 credidere
569 2388 636 2427 eum
647 2371 700 2426 sub
715 2371 841 2444 personis
855 2369 1030 2445 Demodoci,
1042 2372 1124 2427 caeci
1133 2371 1206 2428 ratis
1214 2370 1293 2444 regis
1301 2367 1406 2435 Alcinoi,

304 2455 399 2507 semet
414 2451 508 2524 ipsum
523 2449 722 2505 adumbratum
739 2449 886 2506 voluisse:

427 2605 491 2664 Τὸν
505 2603 572 2683 περὶ
588 2606 683 2664 Morid'
697 2605 827 2678 tutione,
841 2603 924 2664 dodon
936 2606 964 2663 δ’
975 2603 1093 2680 α’γαθόν
1108 2624 1153 2679 τε,
1168 2602 1264 2664 κακόν
1278 2621 1322 2677 τε,

427 2685 597 2758 Οφθαλμῶν
611 2683 667 2760 μὲν
680 2686 799 2764 ἄμερσε,
810 2686 895 2744 dodon
907 2687 934 2743 d
950 2686 1055 2758 ἡδεῖαν
1067 2682 1234 2841 dmgi'ffi
1248 2763 1284 2838 θ’
1298 2766 1341 2821 63.

307 2921 364 2980 Sed
379 2927 410 2979 et
425 2926 486 2998 ipsa
502 2921 565 3000 ejus
580 2925 707 2980 caecitas
723 2921 738 2980 ri
752 2924 898 2981 nonnullis
911 2928 1045 2998 negatur.
1086 2925 1106 2960 “
1115 2921 1273 2980 Traditum
1294 2916 1362 2995 est,”
1373 2919 1405 2974 in·

306 3005 368 3078 quit
391 3000 508 3073 Cicero,
539 3001 730 3059 “Homerum
752 3019 875 3060 caecum
897 3000 993 3060 luisse.
1034 3003 1072 3060 At
1096 3001 1159 3078 ejus
1181 3004 1335 3077 picturam,
1361 3014 1404 3053 non

306 3084 326 3118 ‘⁶
338 3084 438 3156 po'esin
452 3081 593 3138 videmus.
634 3082 720 3152 Quae
737 3084 831 3158 regio,
845 3100 921 3157 quae
937 3099 999 3156 ora,
1015 3084 1062 3157 qui
1081 3083 1163 3138 locus
1177 3080 1332 3151 Graeciae,
1345 3091 1404 3152 quae

306 3161 452 3234 “species
476 3157 625 3236 formaque
648 3178 777 3236 pugnae,
792 3179 866 3235 quae
891 3164 981 3234 acies,
1005 3161 1082 3235 qnod
1104 3162 1271 3237 remigium,
1294 3161 1340 3233 qrri
1359 3171 1406 3211 me

306 3241 383 3297 “tus
410 3238 567 3311 hominum,
597 3243 645 3314 qui
674 3237 814 3310 serarum,
833 3257 890 3297 non
916 3244 957 3297 ita
981 3243 1117 3316 expictus
1136 3247 1191 3314 est,
1210 3246 1243 3295 ut
1264 3255 1336 3314 quae
1356 3237 1404 3308 ipse

306 3319 392 3372 “non
407 3317 525 3390 viderit,
541 3335 592 3374 nos
607 3325 639 3376 ut
654 3317 833 3392 videremus,
848 3317 1025 3376 effeceritr’
1066 3317 1204 3397 [Tuscul.
1219 3317 1304 3393 Disp.
1318 3335 1344 3373 v.
1357 3309 1406 3383 dli}

215 3455 217 3469 ,
306 3398 325 3432 “
338 3395 532 3469 Homerum,”
551 3399 642 3472 inquit
660 3397 794 3454 Velleius
813 3397 996 3470 Paterculus,
1011 3400 1064 3455 “si
1080 3401 1143 3474 quis
1158 3414 1280 3454 caecum
1293 3396 1405 3474 genitum

305 3477 325 3512 “
338 3479 430 3550 putat,
447 3475 579 3537 omnibns
593 3477 725 3534 sensibus
740 3475 829 3533 orbus
843 3476 917 3534 est.'’
939 3477 1017 3556 [Lib.
1030 3481 1048 3534 i.
1058 3495 1084 3534 c.
1095 3475 1138 3552 v.]
1169 3475 1317 3534 Potuisset
1326 3479 1404 3530 mmet)

305 3553 356 3611 ille
372 3560 473 3630 captus
488 3573 552 3612 esse
569 3556 660 3612 oculis
676 3557 703 3611 in
718 3562 890 3612 senectute:
912 3573 976 3613 rem
991 3559 1069 3612 enim
1090 3562 1149 3612 tam
1168 3554 1226 3612 late
1248 3551 1405 3628 divulgatam

306 3635 384 3694 omni
400 3637 526 3692 veritate
542 3653 646 3690 carere
662 3637 714 3691 vir
729 3635 889 3692 verisimile
905 3641 958 3691 est.
1000 3636 1111 3707 Quum,
1126 3637 1205 3691 inter
1218 3635 1313 3692 varias
1331 3629 1406 3705 regitr

306 3730 359 3770 nes
381 3713 418 3769 ad
438 3731 508 3788 quas
529 3717 587 3770 iter
608 3711 744 3785 iaciebat,
766 3713 894 3788 Samum,
914 3714 1044 3772 Athenas
1067 3719 1098 3771 et
1122 3715 1173 3770 lon
1194 3712 1329 3781 adiisset;
1347 3706 1406 3766 iulo

306 3789 423 3848 tandem
438 3797 568 3848 mortuus
583 3789 671 3849 suisse
687 3809 721 3848 ac
736 3793 868 3867 sepultus
882 3792 998 3850 dicitur.
1039 3792 1156 3850 Incolae
1166 3791 1232 3868 ejus
1242 3789 1407 3864 luctuum

345 3944 362 3976 ‘
371 3945 478 3995 Accedit
489 3946 551 3994 huic
562 3946 692 4010 operi-A
705 3945 877 4010 Comparatice
892 3945 960 3996 Virro
971 3948 1001 4011 of
1008 3947 1049 3996 tlte
1060 3947 1162 3996 caderet
1180 3945 1234 3995 ond
1249 3948 1345 4011 praed
1359 3943 1407 3990 ene

305 4010 384 4075 ostie
399 4011 503 4060 Troade.
538 4011 589 4060 Sed
606 4014 688 4061 viator
706 4019 791 4062 noster
809 4015 874 4061 nihil
893 4014 1011 4063 distincte
1025 4014 1089 4062 vidit
1108 4014 1134 4064 in
1152 4013 1271 4062 'lboader
1288 4019 1408 4080 nomem?

305 4077 342 4127 ibi
353 4077 409 4126 tots
420 4077 464 4126 vie
476 4083 592 4139 errasset,
605 4079 689 4126 omnia
698 4079 723 4126 in
736 4080 904 4141 descriptione
916 4081 964 4129 sua
975 4079 1036 4129 mire
1048 4081 1228 4143 perturbaritg
1246 4078 1364 4128 ntridere
1372 4077 1408 4120 eni

306 4158 367 4193 cnm
377 4143 410 4192 ei
421 4143 576 4192 conferendo
587 4145 700 4206 inclytae
712 4144 783 4194 istius
794 4146 903 4210 regionis
911 4147 1117 4210 descriptionem,
1126 4159 1194 4210 qnae
1205 4150 1335 4195 summam
1345 4139 1409 4190 hbet

305 4209 508 4272 Ghsvalierium,
520 4210 603 4258 virum
615 4209 782 4274 ingeniosum,
794 4226 877 4274 nuper
888 4212 985 4261 editam
996 4211 1101 4262 Gallice
1112 4212 1139 4261 in
1158 4215 1282 4261 Actorum
1299 4210 1361 4272 lieg-
1375 4201 1409 4250 5⁰·

305 4275 368 4326 ciet.
381 4273 526 4325 Belimvol.
549 4275 585 4323 iii.
606 4277 649 4324 vel
669 4291 779 4325 seorsum
799 4278 907 4342 Anglicd
929 4279 1019 4327 nostris
1039 4276 1245 4327 annotationibus
1263 4278 1408 4326 nmmum·

307 4339 385 4408 [Vide
402 4355 538 4406 parergum
554 4343 588 4391 ad
605 4342 666 4390 init:
680 4342 736 4392 Lib.
755 4343 792 4393 iii.
810 4344 881 4410 Virg.
900 4344 1008 4393 Aeneid.
1028 4345 1054 4394 in
1071 4344 1168 4407 Heynii
1179 4344 1242 4393 edit.
1259 4342 1321 4392 otis.
1353 4337 1408 4398 upa

308 4405 395 4475 1800]
431 4405 489 4456 Non
501 4412 596 4473 tamem
614 4414 716 4472 propter
734 4411 804 4460 hanc
821 4410 849 4458 in
868 4409 968 4458 'lboede
988 4410 1178 4474 infelicitatem,
1194 4409 1267 4473 justi
1284 4407 1330 4458 sni
1344 4400 1409 4475 leod?

305 4473 465 4524 fraudandus
484 4480 523 4523 est
540 4473 672 4539 Woodius,
687 4476 782 4540 quippe
801 4477 847 4538 qni
866 4477 898 4525 de
920 4478 1011 4524 summi
1023 4480 1116 4540 poetam
1134 4477 1283 4539 lectoribus,
1301 4469 1409 4524 incultu

306 4538 378 4607 locis,
390 4539 439 4590 etsi
449 4551 500 4592 non
510 4541 538 4593 in
549 4541 673 4606 omnibus,
686 4541 834 4594 nutamine
844 4555 922 4608 supra
932 4543 1044 4608 nudati,
1057 4543 1153 4611 optime
1161 4542 1319 4598 instituerit.
