3034 5217
422 342 564 405 noran
589 346 634 405 ns
657 337 878 408 ermolaus.
1148 355 1202 412 εει
1305 334 1309 352 '

122 617 394 684 iIIINAAPOY
410 618 643 698 cassania]
668 620 790 680 Pindari
810 618 949 700 Olympia
986 621 1137 695 Pindarus,
1152 623 1207 700 Ly·
1217 627 1285 683 263.

79 699 214 756 ricorum
241 697 397 756 Poetarum
425 703 573 775 princeps,
593 709 678 758 natus
702 708 747 758 est
769 699 886 772 Thebis
908 701 1063 774 Boeotiae,
1087 701 1204 778 Olymp.

79 795 149 833 axv.
167 783 192 835 1.
207 783 273 833 ante
288 775 359 834 Chr.
375 777 415 835 N.
431 782 497 835 520.
541 777 659 836 Patrem
673 777 776 836 habuit
798 778 1008 854 Daiphantum,
1025 781 1085 853 vel,
1100 786 1133 837 ut
1156 782 1206 840 alii

78 857 198 927 volunt,
213 855 411 930 Scopeltnum,
426 862 551 914 matrem
571 856 669 932 Myrto
690 859 741 915 rel
766 855 923 934 Myrtidem
939 861 1065 916 nomine.
1106 858 1206 932 Pater,

78 951 257 1010 quocunqne
271 937 388 991 nomine
403 935 507 1009 dictus,
522 940 616 992 artem
630 937 759 994 tibicinis
783 940 953 994 exercuisse
973 937 1098 1007 dicitnr;
1120 955 1207 1013 quam

78 1021 114 1068 et
133 1011 232 1086 filium,
247 1012 401 1087 adjuvante
417 1020 522 1087 matre,
536 1013 644 1072 docuit.
666 1015 755 1072 ..lude
771 1013 846 1090 Lyra
862 1032 976 1092 quoque
992 1014 1009 1072 d
1033 1013 1107 1074 Iaso
1130 1015 1208 1073 Her-

79 1094 229 1148 mioneusi
254 1092 476 1161 instituebatur;
499 1093 691 1168 quiquidem
714 1093 806 1150 brevi
828 1095 903 1150 adeo
924 1091 1070 1166 inclaruit,
1094 1102 1126 1152 ut
1150 1095 1207 1154 hoc

78 1174 202 1227 nomine
226 1169 263 1226 ab
288 1170 450 1229 Alexandro
475 1173 618 1244 Amyntae
641 1170 712 1245 tilio,
738 1188 811 1248 rege
836 1171 1039 1244 Macedoniae,
1055 1175 1133 1230 inter
1156 1189 1207 1232 eos

79 1266 158 1322 quos
171 1254 294 1324 propter
307 1249 438 1306 Musicae
453 1251 590 1324 peritiam
600 1253 743 1330 princeps
760 1253 819 1324 iste¹
829 1253 992 1313 carissimos
1007 1250 1118 1324 habuit,
1127 1269 1207 1328 mag·

78 1345 124 1383 no
152 1344 217 1384 cnm
246 1327 363 1389 honora
386 1336 528 1402 exceptus
556 1328 655 1386 suerit.
701 1327 932 1404 Praeceptorem
960 1345 1074 1404 quoque
1103 1329 1207 1388 habult
1268 1333 1272 1336 ’

80 1403 264 1464 Simonidem
281 1405 385 1479 Ceum,
400 1410 448 1483 qni
462 1423 500 1463 eo
514 1413 648 1481 tempore
663 1409 773 1482 primas
788 1411 866 1465 inter
887 1407 1009 1483 Lyricos
1030 1407 1206 1485 obtinuerat.

80 1483 125 1541 Et
137 1487 200 1559 ipse
215 1487 331 1561 quidem
344 1485 457 1544 mature
471 1487 615 1543 excelluit
628 1490 706 1542 inter
720 1485 805 1560 hujus
818 1488 936 1561 generis
951 1491 1059 1560 postas.
1100 1488 1126 1545 A
1150 1486 1207 1545 Co·

79 1567 169 1620 rinni
191 1569 289 1621 tamea
316 1566 429 1639 poetria
450 1566 605 1640 quinquies
628 1567 724 1622 rictus
747 1548 836 1624 luisse
862 1565 977 1622 dicitur.
1019 1563 1079 1622 Has
1108 1572 1208 1624 antem

78 1644 226 1699 victorias
240 1646 343 1718 magni
356 1659 396 1700 ex
410 1650 496 1718 parte
518 1642 647 1700 Corinna
674 1646 803 1702 eximiae
827 1658 897 1700 suae
922 1641 1134 1719 pulchritudini
1157 1645 1206 1702 de·

79 1717 181 1776 buisse
196 1722 334 1783 creditur.
377 1719 479 1793 Porro,
495 1721 550 1778 hoc
565 1720 704 1778 accidisse
720 1722 848 1794 uidetur,
863 1739 951 1796 quum
977 1721 1117 1780 Pindarus
1129 1729 1208 1781 esset
1251 1751 1259 1786 ι

79 1799 240 1856 admodum
259 1799 386 1875 juvenis.
428 1800 533 1857 Postea
556 1803 645 1873 enim,
670 1799 772 1858 Xerxe
797 1801 833 1857 ab
858 1796 1085 1858 Atheniensibus
1109 1806 1208 1878 pugni

80 1877 239 1935 Salaminii
253 1876 420 1954 profligato,
435 1879 625 1954 quadraginta
640 1896 728 1934 annos
741 1881 835 1952 natus,
850 1886 926 1938 testa
949 1877 1082 1936 Diodoro
1097 1879 1206 1956 Siculo,

78 1960 185 2016 -τῶν
206 1959 369 2029 μελοποιῶν
394 1955 543 2035 Hshdupoe
568 1950 608 2029 ἦν
629 1957 777 2031 ἀκμάζων
800 1958 882 2016 sord
905 1957 1030 2026 τούτους
1048 1959 1115 2020 eoric
1140 1957 1207 2036 χρό-

84 2055 161 2098 νους.
191 2037 267 2114 [Lib.
290 2039 328 2094 ix.
353 2054 375 2117 s.
391 2040 437 2112 td.
453 2055 481 2111 p.
496 2041 563 2094 425.
587 2035 676 2095 Tom.
702 2040 720 2094 i.
743 2037 812 2094 edit.
836 2017 1022 2111 wesseling-l
1046 2035 1253 2128 Quamdiu&

80 2118 196 2172 vixerit
214 2115 306 2173 minsis
319 2121 432 2173 constat
447 2118 523 2172 inter
542 2120 687 2174 auctores.
728 2115 893 2174 Secundum
910 2116 1027 2192 Suidam
1039 2115 1112 2172 obiit
1125 2120 1206 2191 quinq
1255 2125 1276 2144 “·

80 2198 222 2270 quaginta
233 2193 341 2252 tantdm
355 2197 528 2269 etquinqne
553 2212 641 2251 annos
664 2201 755 2253 natus.
799 2195 870 2250 Sunt
890 2200 987 2251 tamen
1012 2196 1059 2268 qui
1084 2195 1208 2254 eumad

81 2288 191 2330 annum
212 2277 426 2348 sexagesimum
439 2279 566 2346 sextum,
580 2274 630 2331 vel
649 2277 871 2350 octogesimum,
886 2273 936 2330 vel
951 2275 1039 2330 etiam
1055 2278 1207 2349 nonagesi-

81 2369 165 2408 mum
179 2356 349 2426 pervenisse
364 2351 496 2410 credunt.
537 2351 621 2426 Eum,
642 2359 675 2410 et
689 2354 718 2410 in
733 2355 808 2412 vivis
823 2357 933 2429 etpost
951 2357 1085 2426 mortem,
1100 2370 1207 2429 magno

81 2429 197 2486 honore
212 2429 463 2505 prosequebantur
484 2449 540 2488 non
565 2427 657 2488 schim
678 2434 762 2488 cives
782 2435 838 2505 sui,
861 2428 963 2488 renim
983 2433 1073 2487 etiam
1098 2435 1204 2490 exteri.

82 2508 305 2566 Monumentum
319 2507 384 2584 ejus
397 2508 512 2566 Thebis
528 2513 557 2567 in
572 2509 787 2587 Hippodromo,
801 2505 872 2568 ante'
891 2515 1006 2584 portam
1026 2508 1206 2584 Proetidem,

81 2586 171 2643 stadii
185 2586 222 2644 ab
236 2588 308 2646 urbe
324 2588 481 2646 intervallo
495 2593 621 2664 positum
637 2587 702 2661 fuit,
717 2595 749 2646 nt
763 2593 863 2646 narrat
884 2586 1049 2644 Pausanias.
1081 2589 1207 2646 Alexan·

81 2665 141 2722 der
156 2664 205 2721 ille
230 2665 363 2742 Magnus,
381 2684 470 2743 quum
495 2665 617 2724 Thebas
641 2666 767 2726 lnnditds
791 2669 954 2740 everteret,
974 2666 1065 2724 solam
1088 2667 1207 2726 Pindari

74 2743 201 2800 ‘domum
225 2748 315 2818 stare,
339 2745 460 2821 ejusque
483 2741 612 2802 familiae
640 2753 672 2804 et
692 2745 849 2821 penatibus
872 2748 964 2820 parci,
986 2745 1079 2821 jussit.
1121 2745 1206 2824 Apud

82 2828 206 2879 veteres
231 2826 362 2881 carmina
386 2824 451 2900 ejus
473 2841 614 2882 summam
642 2824 864 2882 admirationem
893 2827 1035 2880 excitisse
1061 2825 1206 2883 videntur.

82 2900 198 2958 Nobile
208 2901 245 2958 de
256 2918 294 2958 eo
310 2901 425 2960 Horatii
433 2902 574 2978 judicium
582 2903 746 2978 junioribus
757 2905 846 2960 etiam
858 2901 1007 2976 discipulis
1017 2905 1086 2958 satis
1096 2910 1206 2976 notum,

82 2997 126 3036 ex
150 2981 200 3036 illi
223 2980 287 3052 Ode
316 2981 525 3055 pulcherrimi,
550 2999 623 3055 quae
650 2985 771 3056 incipit:
794 2979 951 3038 Pindarum
975 2978 1094 3058 quisquis
1118 2981 1207 3040 studet
1284 2975 1288 2982 ’

82 3057 231 3131 aemulus-i,
245 3061 297 3116 bc.
319 3059 395 3140 [Lib.
411 3063 450 3117 iv.
465 3060 507 3136 ἰ]
522 3059 702 3134 “Novem”
722 3063 815 3134 inquit
839 3059 1064 3132 Quinctilium,
1086 3059 1207 3118 “Grae-

81 3143 216 3196 “corum
232 3138 403 3214 Lyricorum
425 3137 567 3196 Plndarns
579 3142 729 3216 princeps,
749 3141 868 3214 spiritus
893 3138 1120 3213 magnificentii,
1141 3157 1207 3196 sen·

80 3223 105 3256 a
116 3219 227 3292 tentiis,
255 3215 366 3293 liguris,
394 3217 561 3276 beatissimi
580 3235 681 3274 rerum
700 3217 917 3294 verborumque
947 3219 1043 3292 cupii,
1064 3224 1095 3274 et
1122 3217 1207 3280 ‚uelut

81 3301 104 3334 “
116 3296 239 3371 quodum
253 3295 441 3372 eloquentiae
455 3293 585 3368 flumine,
600 3301 724 3372 propter
737 3313 812 3374 quae
836 3295 974 3354 Horatius
989 3298 1097 3354 nemini
1112 3297 1207 3355 credit

81 3379 104 3412 “
118 3393 187 3432 eum
214 3373 420 3444 imitabilem.”
461 3375 542 3454 [lnst.
571 3376 653 3432 Orat.
683 3376 744 3435 Lib.
765 3393 794 3433 x.
823 3382 848 3434 l.
869 3375 931 3451 til-l
967 3375 1090 3450 Scripsit
1111 3377 1206 3452 varia,

81 3471 180 3528 eaque
195 3456 291 3511 omnia
305 3453 432 3511 dialecto
446 3453 606 3530 praecipue
622 3452 752 3511 Dorici:
775 3454 832 3511 Sed
847 3452 934 3529 hujus
957 3459 1062 3528 potitae
1084 3457 1206 3528 μεγαλο-

79 3530 269 3605 φωνοτάτου,
283 3540 316 3589 ut
329 3549 398 3589 eum
411 3540 499 3591 vocat
513 3533 692 3604 Athenaeus,
708 3533 785 3610 [xiii.
797 3537 843 3589 21.
855 3549 883 3607 p.
895 3530 976 3606 aba]
998 3540 1119 3606 praeter
1128 3531 1205 3608 frag·
1294 3539 1295 3544 ’

79 3616 182 3668 menta
197 3611 349 3687 quaedam,
364 3618 466 3670 extant
481 3609 589 3669 tantum
605 3613 735 3668 carmina
749 3613 863 3686 integra
878 3615 917 3668 45
939 3611 1067 3685 epinicia
1088 3609 1204 3685 Lyrica,

79 3706 160 3765 quae
175 3689 319 3766 Strophio,
334 3689 528 3766 Antistropbts
542 3697 573 3747 et
588 3689 697 3765 Epodis
711 3695 862 3759 constant;
883 3691 993 3763 scripta
1008 3689 1037 3744 ln
1057 3689 1205 3762 Ολυμπια-

79 3766 170 3831 νίκας
188 3774 240 3839 14;
263 3766 446 3831 natasset
464 3773 519 3838 ¹²3
540 3765 726 3842 Νεμεονίκας
745 3773 798 3837 tt;
821 3774 852 3825 et
870 3763 1056 3840 Ισθμιονίκασ
1073 3771 1107 3838 83
1129 3786 1204 3844 qnae

79 3847 166 3905 certe
181 3850 272 3905 multa
286 3849 393 3905 indicia
407 3847 551 3904 exhibent
562 3847 693 3904 sublimis
704 3847 814 3922 ingenii
823 3852 909 3920 atque
921 3848 1026 3902 mentis
1036 3846 1203 3918 divinioris;

78 3937 140 3983 nec
155 3943 212 3983 non
226 3930 284 3984 oris
298 3943 404 4001 magna
416 3928 551 3982 sonantis.
592 3923 770 3982 Dubitirunt
795 3931 893 3982 tamen
914 3924 1044 3982 nonnulli
1067 3943 1102 3982 an
1127 3943 1204 4002 quae

78 4003 203 4062 Pindari
226 4004 367 4076 habemus
389 4005 459 4061 satis
481 4010 649 4060 mereantur
671 4009 763 4060 tantas
788 4002 978 4070 laudationes,
1003 4006 1114 4078 quantis
1135 4021 1203 4062 eum

78 4086 254 4158 prosequuti
276 4087 343 4140 sunt
366 4081 516 4154 Horatius,
543 4081 769 4156 Quinctiliunus,
799 4083 918 4158 aliique.
959 4081 1018 4138 Sed
1045 4085 1205 4158 scripserat

78 4178 199 4236 quoque
215 4160 435 4236 Dithprambcs,
454 4159 594 4233 Paeanas,
619 4159 768 4232 Encomis,
783 4163 835 4218 &a
857 4160 1009 4218 veteribus
1029 4159 1103 4218 bene*
1125 4167 1204 4236 nota,

78 4245 171 4314 atque
187 4239 223 4296 ad
239 4240 339 4298 landes
353 4243 480 4296 auctoris
494 4243 538 4297 sni
564 4239 686 4296 muitum
708 4241 770 4296 sine
797 4239 884 4296 dubio
906 4237 1106 4311 conterentia3
1127 4258 1204 4299 nunc

78 4328 183 4376 autem
197 4318 352 4394 deperdita
375 4324 406 4375 et
425 4321 582 4377 neotericis
596 4335 741 4394 nunquam
754 4320 827 4375 sisa.
868 4318 900 4374 ln
924 4321 1103 4396 argumentis
1127 4318 1204 4380 Oda-

78 4413 150 4454 rum
178 4397 296 4455 Pindari
317 4414 392 4473 quse
413 4400 567 4473 supersunt
590 4414 696 4474 magna
717 4402 771 4470 est,
786 4413 842 4454 nec
865 4396 993 4470 vitanda,
1024 4397 1203 4470 similitudo;

78 4493 160 4551 quae
187 4493 238 4533 res
264 4482 381 4551 potitam
403 4480 577 4533 varietatem
603 4490 749 4551 quaerere
778 4477 876 4552 coligit
903 4493 939 4532 ex
967 4473 1203 4551 digressionibus,

79 4555 189 4629 quibus
202 4557 333 4616 earmina
347 4553 518 4642 quibusdam
529 4557 616 4624 nimis
630 4553 778 4613 abundare
792 4553 936 4614 ridentur.
972 4553 1030 4613 Sed
1040 4549 1077 4614 de
1092 4554 1204 4633 digres-
1295 4629 1303 4640 Ι
