3034 5217
321 305 377 359 142
652 298 794 360 NOTAE
812 301 856 360 ΙΝ
877 299 1104 362 EURlPlDEM.

242 424 306 481 tta.
317 421 356 480 sd
369 418 484 499 difficile
499 421 618 478 transitu
631 419 770 500 Bosphori
782 423 940 482 cinnamon.
975 421 990 444 ''
1002 421 1315 484 Pontus-nebulosus
1336 423 1428 502 Pomp.

317 501 409 572 Mela,
419 503 438 556 i.
453 502 496 556 19.
524 499 588 556 Val.
598 501 676 558 Flac.
686 505 725 560 ir.
737 507 804 560 729.
825 503 909 561 Mare
920 503 1059 582 nigrum?
1073 503 1104 560 P.
1120 501 1282 562 Caeterum
1296 505 1429 564 Porsouus

317 578 372 636 bos
386 587 446 636 tres
460 592 563 638 versus
579 583 619 637 ita
634 581 809 656 dispertivit,
824 601 911 658 quem
926 601 982 660 ego
998 583 1055 640 hac
1068 583 1197 641 editione
1212 591 1332 642 secutus
1346 603 1411 644 sum.

515 735 560 793 Δι’
575 734 639 796 ἅλα
654 740 767 812 νύχιον,
782 741 827 811 ἐφ’
838 741 975 820 ύλμυροίν

476 815 606 874 Πόντου
621 820 709 897 algisi
722 819 902 898 ἀπέραντον.

355 977 423 1033 216.
443 971 599 1050 Κορίνθιαι
614 975 779 1054 matam]
796 977 931 1036 Tandem
943 981 1102 1036 inscenam
1112 977 1430 1054 progrediturdledeaz

315 1055 399 1131 cujus
414 1059 475 1110 tota
490 1053 565 1109 haec
581 1058 676 1112 oratio
691 1064 736 1112 est
753 1057 964 1130 pulcherrima,
980 1065 1010 1115 et
1031 1063 1149 1131 poetam
1173 1060 1251 1131 sapit
1274 1061 1431 1132 superioris

316 1136 434 1191 ordinis.
478 1132 574 1207 Prope
587 1135 742 1191 exordium
751 1142 848 1193 tamen
861 1136 1004 1212 quaedam
1015 1134 1146 1192 difficilia
1156 1141 1336 1204 occurmnt;
1356 1147 1431 1194 emat

316 1211 422 1288 nempe
437 1209 454 1268 i
468 1216 554 1286 poeti
569 1211 742 1286 exquisitius
756 1215 944 1286 elaboranda,
959 1223 991 1271 ut
1006 1214 1122 1285 Medea,
1139 1233 1195 1290 quo
1215 1212 1323 1272 melitis
1338 1221 1433 1274 amic-i·

315 1296 387 1350 tiam
400 1296 536 1364 captaret
549 1290 653 1362 Chori,
668 1292 765 1367 eidem
780 1311 811 1349 se
828 1293 997 1351 ostenderet
1018 1309 1140 1370 gravem
1164 1299 1196 1350 et
1218 1296 1431 1352 sententiosum.

319 1369 492 1442 Corinthiae,
508 1371 609 1445 iuquit,
624 1370 761 1445 mulieres,
777 1372 852 1429 erioa'
866 1375 878 1430 ὲ
893 1373 982 1445 domo,
1000 1393 1033 1428 ae
1053 1372 1085 1428 in
1108 1371 1205 1449 aliqud
1229 1391 1258 1429 rc
1281 1393 1325 1429 me
1349 1395 1433 1450 repre·

314 1447 474 1506 hemleretis.
515 1454 535 1485 “
547 1450 742 1524 Antequam,”
760 1453 853 1526 iuquit
866 1451 883 1507 J
887 1469 930 1509 ac.
946 1451 1035 1524 Tate,
1057 1451 1238 1526 “sequentis
1252 1449 1313 1508 loci
1329 1451 1432 1509 diffieil-

314 1529 409 1586 “limi
424 1545 566 1585 conemur
581 1532 867 1604 interpretationem,
883 1530 1038 1587 notandum
1059 1535 1113 1602 est,
1138 1531 1319 1586 locutionem
1344 1534 1432 1603 ὀμμά-

314 1611 334 1644 “
347 1626 410 1664 των
423 1606 484 1663 ἄπο
498 1623 583 1680 posse
599 1612 735 1682 usurpari
750 1611 814 1666 sive
830 1610 866 1668 de
882 1612 927 1682 iis,
943 1612 990 1684 qui
1016 1610 1113 1684 aliquo
1138 1611 1303 1665 ministerio
1319 1611 1432 1684 publico

314 1683 474 1761 “peregre
490 1683 659 1761 iunguntur,
673 1705 727 1744 seu
742 1689 778 1744 de
796 1692 830 1746 iis
846 1691 894 1765 qui
918 1689 994 1745 domi
1020 1691 1048 1744 iu
1070 1687 1173 1744 studiis
1194 1704 1226 1742 se
1250 1687 1430 1746 abdiderint

315 1766 395 1822 “De
412 1765 492 1821 hisce
508 1766 721 1840 posterioribus
736 1785 792 1822 non
808 1773 905 1841 potest
919 1767 967 1824 hic
982 1767 1117 1842 intelligi,
1132 1767 1196 1841 quia
1213 1766 1243 1822 hi
1269 1776 1375 1842 postea
1396 1773 1433 1825 iu

314 1845 480 1902 “dicantur
508 1863 564 1918 per
583 1845 653 1907 τούς
675 1846 701 1900 δ’
723 1847 776 1917 otp'
799 1844 907 1920 ἡσύχου
934 1843 1031 1907 ποδός.
1074 1845 1126 1903 Nil
1151 1847 1242 1920 igitur
1269 1846 1431 1921 sigmfieare

314 1928 334 1960 “
346 1929 443 1999 potest
457 1926 512 1980 nisi
528 1929 716 1982 exercituum
732 1934 763 1982 et
778 1927 913 1982 classium
927 1923 1104 2002 praefectos,
1126 1929 1176 1980 aut
1199 1925 1247 1999 qui
1271 1924 1433 2001 legationes

311 2003 478 2078 “publicas
503 2011 592 2078 agunt
621 2004 698 2078 apud
726 2009 846 2061 exteras
874 2011 987 2078 gentes.
1028 2004 1140 2061 Vocem
1169 2021 1286 2078 quoque
1315 2006 1432 2082 θυραῖος

314 2087 334 2117 “
345 2082 435 2138 credo
449 2099 535 2158 posse
554 2086 629 2138 sumi
644 2084 680 2137 de
697 2087 830 2157 personis
846 2084 984 2160 publicis,
1006 2083 1057 2139 sed
1072 2083 1108 2139 oh
1124 2085 1159 2138 iis
1174 2080 1293 2138 omuino
1303 2081 1432 2141 diversis.

315 2165 334 2197 ‘⁴
348 2163 395 2237 qui
411 2161 488 2218 domi
505 2169 623 2217 manent
638 2159 652 2217 ὲ
668 2169 829 2236 conspectu
845 2165 952 2222 civium
968 2165 1073 2218 remoti
1086 2183 1097 2230 ;v
1115 2166 1146 2217 et
1171 2177 1222 2216 eos
1236 2159 1373 2218 denotari
1389 2169 1431 2238 qui

314 2245 333 2276 “
346 2245 375 2298 in
391 2239 485 2297 sorum
507 2242 662 2313 prodeunt,
678 2248 765 2315 atque
783 2245 811 2299 iu
827 2242 952 2298 consiliis
977 2247 1007 2297 et
1028 2239 1215 2296 concionibus
1229 2257 1331 2297 coram
1347 2260 1434 2316 popo-

314 2323 334 2356 “
344 2320 373 2376 lo
388 2320 600 2394 rempublicam
617 2325 749 2376 tractant.
792 2320 901 2378 Eorum
918 2323 1032 2394 utrique
1047 2319 1190 2393 generisi
1214 2319 1241 2374 δ’
1257 2320 1311 2388 sp
1327 2318 1431 2394 ἡσύχιι

314 2399 433 2460 “uodde
451 2405 654 2472 opponuntur;
676 2400 734 2455 illis
748 2401 875 2472 scilicet,
894 2403 963 2474 qnia
986 2399 1067 2454 nullo
1087 2397 1204 2471 publico
1228 2416 1355 2456 munere
1378 2399 1433 2454 luo-

314 2480 451 2552 “guntur
478 2477 606 2551 peregre
631 2475 777 2551 profecti,
801 2479 844 2534 his
869 2484 978 2549 autem,
1001 2479 1069 2552 quic
1097 2477 1228 2552 quamvis
1257 2480 1286 2534 in
1315 2481 1432 2534 cirinus

313 2558 333 2590 “
343 2555 462 2629 degant,
477 2573 622 2630 uunquam
639 2560 667 2614 iu
682 2558 833 2632 publicum
849 2557 1003 2632 prodeunt,
1018 2555 1126 2630 neque'
1139 2555 1357 2628 rempublicam
1381 2575 1433 2612 nm·

313 2635 333 2670 “
345 2632 411 2690 uiuo
424 2642 540 2711 gerunt
581 2633 725 2693 Construe
742 2640 833 2712 igitur
847 2638 903 2693 hoc
918 2635 1004 2692 modo
1018 2641 1049 2692 et
1065 2637 1280 2708 interpretare:
1301 2632 1371 2694 οῖδα
1383 2657 1434 2712 rap

313 2716 333 2749 “
343 2715 467 2777 πολλούς
484 2712 566 2792 [μὲν]
583 2716 804 2791 βροτῶν-τούς
816 2714 871 2788 μὲν
883 2713 1026 2788 ὀμμάτων
1039 2713 1109 2784 dno,
1125 2712 1191 2774 τους
1201 2713 1229 2769 δ’
1243 2715 1278 2770 ἐν
1292 2715 1434 2794 &praba

312 2795 333 2829 “
341 2795 464 2865 σεμνούς
479 2795 621 2870 persicae·
644 2795 712 2856 τούς
728 2796 755 2851 d’
768 2796 822 2866 οἶμ’
842 2794 951 2868 ἡσύχου
964 2791 1304 2863 autecessorum
1319 2799 1381 2868 τῆς
1392 2816 1431 2869 pr·

312 2876 332 2909 “
339 2872 446 2944 θυμίας
457 2873 667 2944 κτησαμένους.
683 2874 765 2953 [Sine
775 2877 912 2950 scrupulo
924 2873 1033 2931 resolvi
1047 2873 1072 2929 oi
1086 2871 1174 2940 dotti
1185 2871 1296 2944 ἡσύχου
1309 2877 1434 2934 nouor-

312 2955 332 2988 “
343 2952 526 3025 ἑκτήοαντο,
538 2971 612 3027 quae
622 2971 679 3027 per
689 2972 720 3009 se
733 2961 778 3010 est
790 2956 903 3029 integra
914 2955 1070 3023 sententia,
1086 2954 1114 3008 in
1130 2949 1198 3012 τούς
1213 2947 1436 3024 δὲ-κτῃσαμιέ

312 3036 332 3068 “
343 3049 420 3095 vove·
437 3035 514 3106 quia,
526 3038 558 3088 ut
568 3040 678 3104 notum,
690 3033 829 3109 exempla
841 3031 1004 3107 hujusmodi
1018 3027 1230 3091 ύναιιολοιθύις
1250 3029 1331 3104 apud
1347 3031 1436 3088 Grae·

313 3114 333 3146 “
345 3128 395 3168 cos
409 3115 579 3186 scriptores,
592 3119 623 3168 et
634 3111 710 3186 apud
725 3115 886 3186 scriptores
897 3113 925 3168 io
936 3113 1013 3167 omni
1022 3110 1132 3185 lingsii,
1140 3113 1320 3182 praesertim
1332 3114 1366 3168 in
1377 3129 1435 3166 seo·

312 3193 332 3224 ‘⁶
344 3193 441 3247 tentiis
451 3190 649 3266 longiusculls,
660 3187 876 3265 saepenumero
888 3186 1067 3263 occurrunt]
1094 3187 1174 3243 Num
1183 3187 1248 3244 bene
1261 3190 1331 3246 aovi
1342 3191 1434 3246 malci

312 3270 332 3303 “
344 3269 453 3344 quidem
462 3271 622 3326 mortali-um
637 3291 668 3325 ea·
683 3290 713 3324 eo
728 3271 798 3347 quod
811 3289 942 3348 personas
961 3267 1097 3345 publices,
1111 3267 1169 3323 siae
1190 3265 1269 3322 domi
1288 3289 1335 3324 reu
1350 3267 1435 3346 soris.

312 3349 331 3382 “
340 3350 484 3424 gesserint,
493 3349 659 3426 <lignitatem
673 3361 697 3405 et
707 3349 836 3405 honorem
849 3346 1026 3426 sibimetipsis
1037 3344 1175 3424 peperisse
1187 3367 1198 3412 ‚·
1221 3363 1267 3402 eor
1277 3359 1384 3406 assem.
1396 3347 1437 3413 pei

311 3429 331 3462 “
342 3427 430 3485 udum
445 3429 526 3499 clota,
539 3427 710 3505 priuatisque
729 3428 828 3484 studiis
842 3425 974 3498 deditam,
989 3425 1180 3502 transegerint,
1195 3424 1277 3501 inque
1296 3426 1436 3504 psshlirssa

311 3509 330 3541 “
341 3507 432 3564 minio
443 3507 610 3584 prodierint,
625 3505 679 3563 sibi
690 3505 1021 3584 comperisse-insumitis
1031 3503 1222 3581 socordiaeque
1237 3503 1370 3562 odmen:
1390 3503 1436 3560 sed

311 3589 331 3621 ‘⁶
341 3586 537 3661 iniquissimt33
553 3606 668 3662 ausuque
677 3585 796 3662 aliquem
805 3585 947 3658 detonare,
956 3583 1070 3660 iugenio
1079 3584 1134 3660 ιχίιι
1144 3589 1224 3658 utpote
1231 3583 1326 3640 indole
1335 3585 1436 3662 paria

310 3669 330 3700 “
339 3665 498 3742 perspectis,
512 3685 617 3720 nostrata
633 3666 701 3721 certi.
717 3676 754 3721 cst
769 3663 905 3742 injurio.”
947 3662 1042 3738 Hujus
1056 3663 1126 3730 loci,
1141 3679 1228 3736 quem
1253 3663 1343 3720 valde
1368 3661 1438 3720 diffi-

310 3745 397 3800 ollem
412 3750 443 3800 et
459 3747 624 3801 intricatum
640 3747 770 3818 agnoscit
795 3747 884 3800 etiam
910 3741 1064 3815 Porsonus,
1089 3741 1140 3798 alii
1163 3740 1236 3797 aliae
1258 3743 1438 3816 interpreta-

310 3826 405 3879 tiones
419 3825 642 3897 excogitarunt:
663 3823 714 3878 sed
730 3826 859 3879 omnium
876 3820 1036 3879 rectissime
1051 3836 1166 3876 sensum
1183 3819 1295 3878 Poetae
1307 3825 1438 3896 cepto-e.

310 3908 342 3958 ut
355 3901 453 3976 sopri,
469 3902 585 3959 videtur
605 3901 633 3955 J.
649 3899 747 3971 Tate;
770 3905 818 3976 qui
841 3899 931 3974 porro
955 3900 1126 3957 observarit
1146 3897 1358 3976 “Euripidem
1373 3917 1441 3974 pro-

308 3984 433 4055 “priam
448 3999 613 4054 personam,
629 3978 724 4054 potitis
739 3998 824 4055 quam
840 3979 977 4052 Medeae,
993 3979 1041 4035 hic
1056 3979 1112 4034 loci
1124 3980 1315 4048 sustinuisse3
1337 3987 1441 4052 atque.

309 4062 329 4097 “
341 4064 371 4115 ut
386 4059 456 4115 alibi
473 4059 628 4130 interdum,
640 4059 762 4116 oblitum
777 4058 865 4116 l'uisse
882 4061 1073 4134 proprietatis
1088 4063 1267 4130 temporum,
1284 4057 1441 4114 bominum

309 4143 372 4194 “et
386 4137 529 4208 locorum,
544 4137 611 4193 dum
627 4156 677 4194 eos
692 4141 894 4212 perstringere
911 4138 1018 4207 studet,
1034 4137 1083 4211 qui
1099 4133 1192 4192 minda
1217 4135 1303 4192 recte
1326 4139 1442 4192 sentis·

309 4221 328 4254 ‘⁶
339 4218 409 4273 bant
423 4214 459 4270 de
474 4216 576 4271 studiis
590 4216 796 4292 philosophiae
810 4223 839 4273 et
851 4223 984 4290 poeseos,
995 4216 1099 4290 quibus
1111 4217 1173 4289 ipse
1189 4212 1281 4272 fuerit
1294 4213 1440 4272 addictus.

308 4295 413 4351 “Vide
431 4291 506 4350 iniri
520 4313 569 4352 vv.
585 4299 653 4353 296.
669 4301 736 4354 303.
751 4295 820 4352 vide
845 4301 876 4351 et
899 4294 974 4351 Hec.
998 4299 1065 4350 257.
1087 4291 1151 4368 lph.
1167 4293 1201 4349 A.
1223 4297 1293 4350 339.
1320 4298 1396 4350 345.
1412 4301 1442 4344 et

309 4379 328 4412 “
339 4374 430 4431 multa
445 4374 502 4430 alia
515 4373 544 4431 id
558 4393 650 4448 genus
666 4376 731 4431 loca
745 4374 838 4431 ethici
855 4377 944 4431 nostri
967 4371 1087 4442 Poetae,
1102 4373 1160 4430 τού
1174 4369 1227 4429 ἐπὶ
1242 4373 1302 4442 τῆς
1316 4371 1440 4440 σκυτῆς

307 4449 530 4525 “melodema’'
566 4453 654 4531 [Vide
671 4454 756 4529 plura
772 4455 800 4508 lu
816 4451 954 4510 Biblioth.
978 4451 1052 4508 Crit
1069 4451 1157 4507 Amat
1181 4449 1248 4506 Vol.
1273 4453 1305 4508 ii.
1332 4467 1365 4526 p.
1392 4453 1440 4504 51.

309 4531 358 4588 nbi
372 4538 476 4590 auctor
489 4532 672 4590 doctissimus
695 4532 819 4608 protulit
843 4533 1012 4590 versionem
1037 4529 1132 4603 Ennii,
1156 4547 1233 4606 quae
1254 4525 1439 4588 laudaturi
