3034 5217
354 554 539 636 NOTAE
569 556 970 636 PHILOLOGICAE

573 859 583 876 ο
636 790 684 841 ΔΙ)

341 994 676 1076 EXCERPTA
701 998 992 1074 TRAGICA.

148 1305 228 1362 Arna
247 1301 379 1360 Graecos
393 1305 606 1378 antiquissimos
626 1309 773 1360 macerat
797 1302 898 1360 laudes
920 1301 1031 1359 Bacchi
1054 1303 1220 1362 vindemiae

109 1390 242 1456 tempore
257 1381 422 1437 celebrare.
463 1380 518 1438 His
532 1379 624 1454 sestis,
638 1387 772 1438 cantares
788 1385 816 1440 in
831 1381 928 1438 choris
938 1380 1144 1456 dithyrambos,
1159 1385 1220 1440 sire

110 1461 230 1535 hymnos
244 1460 272 1516 in
286 1459 398 1516 Bacchi
413 1458 564 1532 honorem,
580 1477 688 1516 cauere
703 1460 846 1529 solebant,
862 1461 994 1532 peruncti
1010 1477 1061 1516 ora
1073 1464 1161 1517 minio
1172 1461 1221 1518 vel

110 1540 168 1598 rint
184 1538 264 1594 rubn'
278 1533 418 1594 faecibus.
454 1537 581 1614 [Tibull.
598 1537 681 1613 Eleg.
696 1541 726 1594 ii.
745 1542 769 1594 1.
782 1542 828 1594 55.
840 1537 941 1594 Horat.
953 1539 1013 1594 hrt.
1025 1537 1055 1594 P.
1068 1543 1136 1610 275,
1147 1537 1221 1614 sqq]

110 1615 157 1672 De
172 1619 254 1673 tenui
268 1615 323 1672 hic
338 1619 453 1691 origine
468 1620 564 1673 crevit
579 1616 767 1690 Tragoedia3
787 1620 830 1672 sia
856 1616 934 1672 dicta
956 1617 1017 1673 aiud
1040 1620 1094 1674 eati
1116 1617 1224 1693 τράγου

111 1691 161 1750 sai
175 1697 235 1764 τῆς
251 1695 343 1766 ᾠδῆς,
357 1697 438 1770 quasi
462 1693 535 1750 hirei
555 1695 693 1773 cantilena
704 1716 716 1764 ,·
735 1697 798 1752 sire
824 1694 899 1752 istud
921 1696 1028 1752 animal
1052 1695 1172 1752 daretur
1196 1697 1223 1752 ln

109 1775 270 1846 praemium
285 1773 461 1843 cantoribus,
475 1789 529 1830 sea
543 1779 678 1848 tanquam
700 1773 790 1832 hastis
816 1776 968 1830 vinearum
990 1773 1109 1830 Baccho
1124 1775 1224 1830 vinde·

110 1852 184 1906 miae
200 1856 334 1924 tempore
351 1850 559 1908 immolaretur.
600 1851 639 1908 Ut
653 1849 725 1908 reni
740 1859 875 1908 cantores
890 1855 919 1908 ia
945 1851 1024 1910 hisce
1040 1851 1136 1908 charis
1152 1859 1224 1910 tem·

109 1945 164 2002 pus
178 1928 295 2002 aliquod
309 1930 552 2002 interquiescendi
567 1929 722 2002 haberent,
736 1933 784 1986 vir
798 1930 925 2006 quidam,
948 1929 1076 2004 Thespis
1099 1934 1223 2003 narniae,

109 2010 227 2064 unicum
241 2011 373 2066 actorem
387 2007 437 2063 vel
452 2005 622 2064 histrionem
635 2007 803 2081 introduxit,
826 2009 873 2083 qui
897 2007 1024 2064 l'abulam
1048 2010 1224 2066 auditoribus

108 2087 224 2144 interim
239 2089 380 2142 narraret
424 2083 468 2144 Ex
482 2083 587 2142 sabulis
600 2085 768 2160 Thespidis,
783 2090 831 2162 qui
847 2087 1000 2144 histriones
1014 2103 1080 2144 suas
1095 2088 1223 2162 plaustra

109 2165 338 2221 circumvenisse
354 2162 468 2236 dicitur,
482 2163 555 2220 nihil
569 2180 645 2220 nuuc
659 2169 749 2221 extat.
790 2165 858 2222 Post
870 2165 945 2220 hunc
957 2168 1038 2222 venit
1053 2166 1224 2240 Aeschylus,

107 2247 196 2318 potita
220 2239 305 2316 longi
329 2241 463 2298 nobilior.
505 2241 542 2314 ls,
567 2259 622 2317 pro
646 2260 703 2299 una
726 2241 884 2318 Thespidis
909 2243 1128 2316 interlocutore,
1153 2243 1223 2300 duos

107 2319 262 2390 substituit,
277 2320 424 2396 dialogum
439 2325 470 2376 et
494 2324 639 2378 actionem
661 2319 851 2378 dramaticarn
875 2324 994 2392 invenit,
1019 2329 1118 2378 cantus
1141 2322 1224 2380 chori

109 2399 262 2455 breviores
272 2397 404 2469 reddidit,
414 2398 568 2456 histriones
577 2400 666 2456 larris
678 2408 709 2456 et
718 2405 845 2475 syrmate
857 2402 1001 2470 instruxit,
1011 2406 1096 2474 atque
1108 2400 1226 2458 cothur-

107 2495 147 2532 no
161 2477 304 2548 eleravit,
319 2473 500 2552 sormimqae
515 2495 618 2535 veram
642 2477 830 2552 Tragoedias
850 2478 940 2550 dedit,
958 2479 1073 2552 qualern
1094 2479 1225 2535 ridemus

108 2558 136 2610 in
153 2555 242 2629 ipsius
262 2559 377 2628 septem
396 2553 571 2612 dramatlbus
594 2574 667 2631 quae
689 2556 785 2612 adhuc
805 2562 968 2630 supersunt.
991 2557 1225 2631 “Tragoedias'’

107 2631 219 2710 [verba
240 2639 306 2688 sunt
333 2632 539 2709 Quinctiliani]
571 2637 713 2708 “primus
742 2638 770 2691 in
800 2634 897 2692 lucem
925 2635 1068 2711 Aeschylus
1096 2637 1226 2710 protulit,

106 2709 269 2767 “sublimis
294 2716 325 2767 et
345 2715 455 2785 gravis,
470 2719 501 2768 et
522 2713 727 2787 grandiloquus
751 2713 839 2787 saepi
865 2731 952 2788 nsque
977 2715 1013 2768 ad
1039 2717 1150 2786 viarm,
1173 2715 1224 2770 sed

107 2795 128 2826 “
141 2789 221 2846 rudis
237 2792 265 2845 in
280 2787 427 2863 plerisque
443 2795 475 2846 et
490 2792 803 2864 incompositus—Sed
827 2791 909 2864 lange
931 2785 1039 2846 clarihs
1063 2793 1226 2848 illustrave-

106 2873 128 2904 “
142 2873 210 2924 runt
219 2866 276 2923 hoc
288 2884 360 2942 opus
372 2867 515 2944 Sophocles
529 2875 615 2944 atque
628 2868 796 2946 Euripides:
818 2885 939 2944 quorum
953 2872 981 2924 in
993 2869 1100 2942 dispari
1111 2869 1224 2926 dicendi

105 2951 128 2982 “
142 2947 191 3002 rii
205 2953 272 3002 uter
285 2948 323 3002 sit
336 2951 423 3020 polita
444 2947 557 3018 melior,
583 2950 659 3003 inter
682 2947 819 3021 plurimas
843 2946 1024 3021 quaeritur.”
1047 2947 1124 3024 [Lib.
1140 2965 1167 3003 x.
1187 2947 1225 3021 1.]

108 3023 275 3098 Aeschylus
298 3024 394 3080 clarus
417 3028 526 3082 virtute
542 3024 659 3098 bellici,
674 3026 782 3082 clarior
796 3027 923 3102 ingenio,
938 3033 1020 3081 natus
1043 3031 1087 3081 est
1110 3026 1225 3101 Olymp.

107 3121 188 3158 axin.
204 3107 230 3158 4.
245 3107 313 3159 ante
337 3101 408 3158 Chr.
423 3101 462 3159 N.
478 3107 546 3160 525.
586 3103 822 3179 Tragoediarum
845 3103 909 3179 ejus
930 3106 1079 3178 specimen
1095 3105 1142 3160 hic
1156 3103 1225 3164 dare

107 3180 251 3255 prohibet
266 3182 386 3238 instituti
401 3185 492 3240 nostri
506 3182 645 3253 brevitas,
660 3201 735 3257 quae
750 3200 802 3239 nos
822 3201 879 3240 nan
901 3185 980 3254 sinit,
1000 3185 1054 3240 nisi
1075 3201 1160 3240 unam
1177 3184 1227 3240 Sa·

108 3259 237 3333 phaclis,
258 3259 438 3336 alteramque
460 3260 607 3336 Euripidis
630 3259 776 3335 praserre.
818 3261 947 3318 Eandem
972 3261 1009 3316 ab
1031 3279 1147 3318 causam
1171 3281 1226 3318 nan

109 3355 264 3410 possumus
284 3337 334 3394 hic
356 3337 465 3415 langids
490 3356 650 3397 excurrere
677 3342 704 3397 in
730 3341 879 3398 historiam
903 3340 1028 3398 Paiseas
1050 3340 1226 3396 dramaticae

106 3415 311 3484 Graecarum
332 3434 426 3491 neque
442 3417 586 3476 disserere
602 3417 638 3473 de
652 3422 754 3476 naturi
769 3418 967 3495 Tragoedias,
982 3419 1075 3493 deque
1092 3419 1227 3475 Theatra

107 3494 345 3552 Atheniensium.
385 3495 470 3553 lllulti
485 3503 620 3554 auctores
634 3497 724 3553 multa
738 3515 828 3572 super
850 3498 906 3552 hac
930 3500 1051 3553 materiis
1075 3499 1227 3570 scripsere.

109 3572 320 3646 Praeceptoris
335 3573 481 3648 diligentis
491 3581 537 3631 est
547 3576 615 3631 talia
626 3577 813 3648 perscrutari,
825 3591 984 3648 eorumque
996 3591 1135 3630 summam
1146 3575 1228 3631 disci-

108 3651 189 3725 pulis
210 3652 270 3706 snis
293 3651 363 3708 riri
386 3669 461 3709 voce
484 3653 638 3709 enucleate
662 3654 789 3708 tradere.
832 3652 874 3709 hd
889 3651 974 3708 hanc
997 3669 1061 3708 rem
1089 3652 1228 3710 auxilium

108 3729 252 3784 derivare
267 3734 364 3803 potest
378 3729 416 3786 ab
431 3731 592 3787 Aristotelis
606 3729 642 3786 de
658 3729 774 3786 Paetici
790 3729 886 3802 Libro,
911 3731 1001 3803 iisque
1031 3733 1079 3804 qui
1102 3732 1129 3786 in
1146 3729 1228 3794 ,hunc

109 3809 316 3863 annotationes
329 3814 361 3865 et
374 3812 598 3866 commentarios
612 3825 814 3883 composuere.
844 3807 933 3885 [Vide
949 3807 1012 3863 Val.
1029 3807 1049 3864 l.
1066 3807 1102 3863 ad
1117 3825 1144 3882 p.
1161 3813 1227 3864 277.

108 3903 138 3940 n.
159 3884 198 3960 l.]
220 3884 315 3942 Adeat
325 3888 498 3960 praesertim
507 3886 659 3943 Arietatk’r
676 3885 798 3944 Treatr're
808 3905 842 3942 aa
858 3885 960 3962 Poetrq
981 3885 1130 3943 trasuiated
1162 3886 1230 3943 mitit

108 3961 201 4019 Notas
226 3963 259 4039 ey
287 3961 406 4020 Thorace
433 3963 573 4042 Mning,
594 3964 637 4022 Μ.
653 3963 686 4021 Α.
704 3963 793 4022 Laud.
819 3967 904 4022 1789.
929 3967 958 4020 iu
983 3969 1040 4022 4ta.
1066 3964 1116 4022 ubi
1140 3963 1229 4020 multa

109 4041 278 4108 doctissime
292 4042 418 4118 sanaque
441 4042 593 4100 admodum
614 4042 726 4116 judicio
750 4043 865 4117 prolata
885 4045 1031 4100 inveniet:
1053 4049 1083 4098 et
1105 4041 1229 4100 Masao'r

109 4117 245 4195 Elsrida,
265 4119 322 4177 aad
344 4119 521 4192 caracara,
536 4119 684 4178 Dramatic
699 4121 796 4178 Poeans
806 4121 916 4178 written
931 4122 1017 4178 anthe
1028 4119 1116 4178 model
1134 4119 1169 4198 ry*
1187 4121 1230 4177 the

109 4196 233 4254 daciane
250 4198 340 4254 Greek
367 4197 513 4276 Trogody;
538 4199 606 4255 with
629 4198 736 4257 Letterr
764 4210 791 4256 to
815 4198 867 4256 Dr.
898 4197 988 4255 Hurd.
1030 4199 1136 4256 Extant
1163 4217 1230 4256 aum

112 4275 264 4353 Poemeby
283 4275 323 4332 W.
338 4277 450 4350 Maron,
464 4277 507 4332 M.
522 4277 555 4333 n.
573 4281 656 4333 1764.
673 4281 738 4335 8ro.
765 4277 838 4334 ltem
862 4277 902 4334 Le
926 4277 1041 4336 'Ilieatre
1065 4278 1111 4334 des
1135 4277 1230 4350 Greci,

107 4369 170 4427 par
192 4353 326 4431 Bnaaay,
344 4355 466 4414 conaelle
486 4354 599 4429 edition,
620 4354 716 4428 Paria,
746 4359 832 4428 1785,
860 4359 888 4412 in
919 4359 954 4412 13
982 4357 1050 4413 vall.
1080 4360 1108 4413 ia
1138 4360 1230 4413 limo.

118 4429 231 4510 Vaynge
253 4433 291 4490 da
315 4431 401 4492 Jesme
424 4434 591 4492 smirnii
621 4453 655 4490 en
688 4433 852 4506 iireasch.
878 4435 948 4493 lxix.
989 4435 1069 4491 illias
1092 4434 1231 4491 iudicatas

112 4509 232 4568 videbit
246 4514 277 4570 in
289 4511 360 4571 Fab.
374 4513 439 4571 Bib.
453 4513 560 4572 Graec.
574 4511 640 4573 Vol.
656 4511 691 4572 ll.
705 4529 735 4590 p.
749 4517 814 4572 162.
825 4515 856 4574 l..
866 4515 896 4572 ii.
907 4529 934 4572 a.
946 4515 989 4572 16.
1024 4511 1100 4572 Edit.
1116 4511 1232 4572 llarles.
