3034 5217
414 359 557 418 NOTAE
584 358 629 417 IN
650 358 859 418 Homerum.
1174 370 1197 430 ὅ

92 477 419 560 “Plenids,”-—(rerbis
433 482 540 538 iterrim
555 486 622 537 utor
635 483 810 539 ornatissimi
825 479 971 538 Praecilis
984 481 1073 557 cupri
1086 484 1195 564 citati,)
1206 489 1234 544 3.

91 567 106 600 “
115 566 158 636 qui
173 579 229 618 non
244 562 434 634 partitionum
449 577 483 615 ac
500 558 702 616 definitionum
720 557 858 616 formulae
875 558 976 633 jejune
990 560 1132 635 explicet,
1145 563 1200 620 sed

90 647 106 678 “
116 657 223 697 mornrn
238 645 325 713 atque
341 635 497 694 affectuum
511 637 703 694 humanorum
712 640 880 713 imaginem,
892 641 1029 713 vitaeque
1038 645 1199 699 communia

91 726 143 776 “et
156 719 253 778 civilis
267 720 434 774 universam
449 719 602 790 rationem,
624 721 666 772 tot
683 722 800 791 tamque
822 719 911 773 variis
933 717 964 773 in
986 721 1064 775 omni
1084 736 1198 792 genere

90 803 106 834 ‘⁴
117 797 257 872 exemplis
272 802 330 852 tam
345 801 481 852 accurate
497 791 688 870 perfecteque
705 798 864 868 exprimat,
884 801 926 871 ut,
946 798 996 869 qui
1015 812 1054 853 ex
1069 795 1200 854 Philoso-

89 879 236 950 “phorum
258 874 366 931 scholis
381 873 417 932 ad
436 874 512 931 illius
534 879 698 930 acroamata
721 891 754 928 se
777 871 918 944 conserat,
942 876 1049 930 sentiat
1071 891 1136 932 sese
1160 893 1199 935 er

90 956 349 1030 “implicatissimis
371 956 511 1028 angustiis
534 955 563 1008 in
585 951 757 1026 amplissimi
778 950 926 1026 cujusdam
948 957 980 1007 et
1001 950 1198 1012 florentissimi
1281 1011 1285 1026 ,

89 1035 105 1069 “
114 1037 207 1108 campi
221 1035 316 1107 spatia
330 1031 458 1088 delatum
469 1028 724 1106 z-blelids,-qui
745 1047 803 1087 non
820 1033 938 1086 monitis
958 1028 1051 1088 soldm
1068 1035 1101 1087 et
1115 1047 1200 1106 prae·

88 1117 105 1149 ²⁸
116 1113 296 1186 captionibus
311 1115 342 1167 et
356 1111 438 1166 nudis
452 1112 605 1166 sententiis
619 1109 734 1181 docent,
749 1109 801 1165 sed
815 1111 959 1165 suavitate
974 1113 1122 1181 carminis,
1137 1111 1201 1184 pul·

88 1192 104 1224 “
114 1191 276 1248 chritudine
292 1192 463 1263 imaginum,
474 1187 590 1246 tabulae
602 1185 737 1260 artificio,
749 1191 877 1244 veritate
888 1184 1068 1261 imitationis,
1079 1187 1200 1246 lectoria

87 1273 237 1327 “animnm
251 1268 372 1340 alliciat,
390 1272 538 1342 penetret,
553 1267 693 1338 delectet,
708 1265 863 1340 percellat,
888 1265 925 1321 ad
945 1281 1061 1322 omnem
1082 1270 1200 1324 vinctis

86 1349 239 1406 “habitnm
268 1345 384 1418 formet,
414 1353 501 1421 atque
524 1349 615 1420 ipsius
635 1345 751 1402 honesti
772 1347 878 1418 spiritu
906 1344 1030 1418 quodam
1058 1346 1198 1402 imbuat”

86 1427 141 1504 [De
158 1428 239 1484 Sacr.
259 1425 343 1483 Poes.
363 1423 455 1482 Hebr.
475 1424 571 1481 Praei.
592 1423 624 1499 i]
660 1423 718 1480 Sed
745 1427 774 1480 in
796 1422 920 1480 Homeri
942 1424 1118 1480 carminibus
1138 1432 1199 1481 tam

85 1506 169 1562 multa
183 1521 298 1580 quoque
313 1509 470 1561 occurrunt
477 1504 517 1560 de
532 1503 620 1560 rebus
630 1501 815 1573 militaribus,
825 1501 863 1557 de
874 1501 1028 1573 medicina,
1038 1503 1198 1577 sculptura,

84 1587 267 1656 commercio,
283 1585 430 1657 variisque
445 1581 511 1638 aliis
532 1582 642 1638 artibus
664 1585 696 1636 et
714 1580 850 1654 opificiis,
868 1586 957 1655 prout
972 1585 1043 1637 nota
1062 1593 1147 1638 erant
1167 1586 1198 1641 in

85 1663 136 1719 illis
144 1666 268 1738 antiquis
277 1661 374 1718 mundi
385 1661 575 1734 temporibus,
590 1665 622 1715 nt
631 1663 736 1718 summi
746 1664 851 1733 poetae
862 1677 956 1733 opera
964 1663 1198 1733 promptuarium

84 1742 219 1815 quoddam
243 1743 383 1797 scientiae
413 1738 604 1796 heroicarum*
625 1743 753 1794 aetatum
773 1735 881 1796 merito
900 1737 1003 1794 haberi
1027 1742 1198 1811 pessinu-

82 1823 217 1876 scientiae
232 1837 290 1876 non
304 1819 421 1892 quidem
436 1817 630 1892 acquirendae
646 1833 685 1873 ex
696 1815 808 1891 jejunis
821 1821 853 1872 et
870 1815 1022 1873 abstractis
1043 1818 1196 1893 principiis

82 1915 112 1954 ac
121 1901 298 1972 praeceptis,
312 1898 364 1954 sed
378 1897 416 1954 ab
429 1896 574 1970 exemplis
589 1899 619 1952 in
633 1895 795 1952 actionibus
808 1900 840 1951 et
854 1892 1006 1952 affectibus
1019 1895 1152 1953 humanis
1165 1903 1198 1954 et

81 1977 182 2034 divinis
197 1975 348 2047 exhibitis,
359 1982 389 2032 et
399 1977 481 2050 quasi
494 1976 531 2030 ob
541 1975 641 2030 oculos
651 1977 764 2047 positis,
775 1970 851 2029 ultrd
859 1971 1040 2047 profluentis.
1081 1974 1196 2032 Horum

81 2061 173 2112 autem
187 2055 391 2128 exemplorum
407 2059 486 2110 tanta
500 2059 545 2109 ast
558 2055 697 2123 varietas,
712 2057 818 2126 quanta
837 2051 944 2108 nullius
959 2051 1084 2109 hominis
1098 2052 1197 2110 obser·

81 2137 196 2206 rationi,
212 2137 267 2190 nisi
280 2149 392 2190 summo
407 2135 526 2207 ingenio
541 2137 572 2188 et
585 2136 684 2188 mente
695 2132 949 2205 perspicacissimi
959 2147 994 2185 ac
1007 2130 1083 2206 pene*
1097 2131 1196 2190 divini

78 2213 211 2285 praediti,
227 2229 351 2286 unquam
366 2212 517 2269 obversari
532 2213 682 2284 potuisset.

114 2292 194 2362 Quin
209 2299 241 2348 et
255 2293 352 2348 omnia
365 2290 441 2346 haec
455 2289 563 2346 tradita
575 2295 642 2346 suot
656 2287 785 2346 dictione
800 2284 875 2343 oded
888 2289 1017 2361 copiosi,
1031 2287 1194 2365 eidemque

76 2372 211 2444 simplici,
239 2369 340 2440 nitidi,
367 2370 441 2442 puris
469 2386 504 2425 ac
531 2367 673 2438 dilucids;
696 2362 770 2427 adeo
797 2365 833 2421 ad
860 2369 1046 2439 sententiam,
1064 2370 1129 2425 sive
1157 2385 1195 2425 ea

77 2451 110 2503 sit
137 2449 280 2520 sublimis,
308 2450 372 2506 sive
400 2447 567 2519 mediocris,
595 2464 648 2502 seu
677 2443 806 2516 humilis,
834 2445 1058 2518 exprimendam
1080 2463 1195 2504 accom-

76 2528 199 2600 modata,
228 2531 260 2582 ut
283 2529 373 2584 eiiam
400 2525 457 2583 hac
477 2530 506 2582 in
527 2531 613 2600 parte
642 2526 746 2598 optimi
771 2527 801 2579 in
825 2525 903 2580 omni
928 2540 1004 2582 aevo
1031 2527 1130 2583 critici
1158 2526 1194 2583 ad

77 2605 236 2662 iiornerum
264 2621 384 2679 semper
404 2607 514 2662 summi
538 2622 604 2661 cum
629 2603 821 2660 admiratione
846 2605 1041 2678 respexerint.
1081 2602 1131 2662 De
1155 2622 1194 2661 eo

76 2683 193 2758 loquens
226 2682 537 2756 Aristoteles-Attea,
572 2686 674 2758 inquit,
704 2678 754 2738 aui
782 2679 899 2752 διανοίᾳ
926 2678 1047 2744 πάντας
1077 2682 1195 2760 deradi-

72 2763 173 2834 tiqae.
209 2763 273 2841 [De
289 2761 371 2819 Poet.
386 2779 451 2836 cap.
466 2762 528 2838 ite]
563 2766 582 2798 a
593 2760 709 2832 Hunc,'’
730 2763 822 2835 inquit
836 2760 1063 2833 Quinctilianus,
1077 2765 1194 2818 “nemo

73 2845 129 2897 “in
152 2845 265 2918 magnis
282 2841 471 2914 sublimitate,
497 2843 526 2897 in
548 2843 648 2914 parvis
670 2841 855 2912 proprietate
873 2842 1070 2910 superaverit.
1112 2839 1193 2896 ldem

72 2923 90 2954 a
104 2921 197 2976 tanetus
218 2937 253 2976 ac
274 2937 401 2994 pressus,
416 2919 560 2996 jucundus
582 2925 613 2976 et
630 2919 740 2994 grauis,
759 2923 819 2974 tum
836 2918 933 2990 copia,
949 2921 1011 2972 tum
1034 2917 1192 2989 brevitate,

70 2999 259 3056 “mirabilis:
280 3015 336 3055 nec
364 3001 480 3072 poetica
507 2995 602 3070 mndd,
630 2995 682 3052 sed
710 2997 838 3052 oratorii
862 2998 971 3052 virtute
999 2998 1194 3054 eminentissi-

69 3077 195 3136 “mms.”
231 3077 269 3134 nt
288 3075 376 3151 pauld
396 3073 658 3152 posta-“Verum
686 3074 735 3131 hic
763 3091 864 3130 omnes
884 3077 948 3130 sine
976 3073 1074 3148 dubio,
1103 3080 1135 3132 et
1162 3079 1193 3133 in

67 3159 180 3212 “omni
193 3173 308 3231 genere
324 3155 511 3230 eloquentiae
526 3154 628 3229 procul
649 3152 666 3210 i
684 3171 716 3210 se
740 3152 891 3227 reliquit.”
913 3151 994 3231 [luet.
1009 3154 1125 3212 Orator.
1141 3153 1191 3212 lib.
1255 3203 1259 3208 .

68 3253 95 3290 ι.
121 3253 190 3309 cap.
216 3233 255 3310 1.]
292 3233 438 3291 Rhetores
458 3235 586 3309 quidem,
610 3235 718 3305 critici,
743 3237 775 3288 et
797 3234 992 3306 grammatici,
1014 3249 1072 3289 non
1099 3234 1193 3292 solnm

67 3318 154 3371 varia
169 3313 357 3388 eloquentiae
371 3329 483 3389 genera
499 3316 527 3370 in
543 3316 633 3371 variis
642 3311 831 3382 orationibus,
843 3328 917 3385 quae
928 3315 1063 3386 personis
1073 3311 1194 3388 loquen-

66 3395 143 3448 tium
158 3391 232 3448 mire
251 3395 438 3463 conveniunt,
461 3391 537 3466 apud
556 3390 718 3448 Homerum
742 3389 884 3446 illustrata
906 3391 1192 3462 animadverterunt3

66 3471 119 3526 sed
135 3475 170 3527 et
179 3470 292 3528 ibidem
307 3475 484 3545 repererunt
498 3469 636 3544 exempla
649 3471 851 3543 copiosissima
865 3472 992 3525 omnium
1008 3473 1148 3526 orationis
1162 3478 1194 3528 et

66 3555 229 3622 syntaxeos
257 3551 394 3624 partium,
423 3551 608 3624 omniumque
629 3548 764 3605 dictionis
792 3551 943 3618 troporum
963 3561 999 3601 ac
1022 3546 1192 3623 figurarum,

65 3627 174 3700 quales
197 3633 264 3684 sunt
277 3627 479 3703 metaphorae,
494 3627 666 3703 allegoriae,
686 3630 932 3699 prosopopoeiae,
947 3630 1034 3697 atque
1054 3624 1082 3681 id
1099 3643 1193 3700 genus

66 3707 140 3777 alia,
156 3724 231 3781 quae
246 3706 362 3766 scilicet
375 3721 492 3764 suarum
506 3711 552 3764 est
566 3709 671 3762 artium
685 3702 853 3780 singulatim
868 3719 1006 3758 enarrare
1018 3721 1026 3769 ς
1047 3702 1100 3759 sed
1122 3721 1193 3778 quo·

64 3803 134 3840 nrm
159 3801 243 3842 mum
264 3784 389 3842 Homeri
410 3787 560 3859 ingenium
581 3789 667 3857 atque
688 3797 771 3838 mens
790 3779 919 3837 divinior
938 3781 975 3836 ab
996 3782 1059 3855 ipsi
1077 3781 1193 3841 Natura

64 3864 209 3920 didicisse
226 3863 451 3920 videtur-Sed
465 3880 502 3919 ne
517 3859 631 3937 longids
646 3863 674 3918 in
693 3874 829 3932 campum
847 3859 924 3915 hunc
939 3859 1111 3916 immensum
1124 3877 1193 3936 pro·

60 3939 204 4015 grediar,
219 3939 285 4020 (ubi
300 3946 464 4016 quicunque
481 3940 643 3998 Homerum
655 3938 739 4014 justis
762 3935 894 3994 laudibus
912 3941 1051 4014 prosequi
1074 3955 1193 4016 aggres-

60 4039 115 4076 sus
132 4017 237 4091 suerii,
254 4017 317 4076 finis
332 4023 362 4077 ei
376 4021 625 4094 circumspicienti
640 4034 778 4091 nusquam
795 4033 940 4090 apparere
960 4015 1102 4098 videtum)
1117 4017 1201 4079 mihi·

62 4097 183 4154 tantdm
198 4097 356 4156 observare
371 4099 471 4171 liceat,
486 4097 622 4173 quicquid
637 4100 765 4154 animum
778 4093 935 4152 humanum
949 4095 1138 4154 heroicorum
1151 4096 1194 4156 sa·

59 4183 207 4234 cinorum
222 4177 412 4235 admiratione
429 4179 458 4234 in
473 4177 595 4234 sublime
612 4177 717 4249 rapiat,
738 4174 875 4249 quicquid
897 4173 1050 4247 laetitiam,
1071 4176 1192 4253 lustrum,
1304 4204 1307 4210 ·

59 4256 318 4329 misericordiam,
339 4263 532 4332 caeterosque
560 4252 690 4326 affectus,
711 4269 832 4328 quorum
855 4257 1068 4311 exercitatione
1093 4262 1144 4312 aut
1167 4259 1192 4314 is

56 4332 160 4392 valde
175 4333 350 4408 delectatur,
361 4340 411 4393 aut
425 4339 627 4408 promovetur,
638 4334 760 4404 excitet,
773 4332 801 4388 id
811 4349 896 4388 omne
909 4335 1004 4389 inesse
1015 4334 1192 4392 carminibus

57 4413 209 4472 Homeri.
251 4411 359 4490 Neque
382 4409 503 4470 effectus
526 4411 557 4472 hi
579 4409 664 4486 plane*
685 4409 843 4467 admirandi
865 4429 904 4468 ex
926 4411 1070 4468 inconditi
1090 4429 1192 4472 rertun

53 4498 235 4567 gestarum,
249 4493 488 4566 descriptionum,
503 4497 553 4549 ant
566 4492 764 4548 narrationum
775 4493 915 4567 congerie
927 4492 1075 4561 oriuntur;
1096 4491 1147 4547 sed
1161 4493 1191 4549 iu

55 4569 167 4628 iliade
182 4577 213 4628 et
227 4571 357 4647 odyssei
368 4571 547 4630 exhibentur
560 4570 617 4630 duo
631 4568 832 4646 pulcherrima
846 4585 948 4645 opera,
959 4576 1191 4646 quorumpsrtee
