3034 5217
339 272 398 328 aaa
694 262 846 342 ¹aaran
865 261 912 320 ru
933 261 1096 324 sarruo.

261 391 401 446 asstare
416 389 468 442 est.
490 382 529 439 Τ.
548 382 658 442 lonae.
699 380 802 455 Inepta
817 378 971 436 admodum
985 387 1030 438 est
1051 380 1132 440 Porti
1155 383 1330 458 observatio:
1346 407 1416 468 neque

340 463 436 522 media
451 467 481 520 in
493 463 597 520 ἀδικεῖ
609 461 667 516 unt
682 476 808 535 unquam
834 459 949 514 licentii
965 459 1088 534 produci
1104 467 1209 535 potest.
1247 463 1332 524 'rates
1348 487 1416 548 nugae

339 544 517 602 mentionem
531 557 587 596 non
602 544 765 612 merentur,
779 538 834 595 nisi
847 536 1021 596 exsibilandi
1035 543 1137 614 graus.

536 777 669 848 Σαπφοῖ,
683 774 743 832 α’δῖ
751 779 802 834 κεῖ
809 799 821 846 ,·

340 951 462 996 versum
476 933 556 991 nullo
571 935 657 991 modo
668 931 791 990 efficere
807 939 942 1008 possunt3
964 938 1052 1008 atque
1067 929 1212 993 Brunckii
1226 935 1419 998 emendationes

338 1012 432 1073 soldm
446 1015 530 1070 nimis
552 1014 657 1085 audax,
668 1013 734 1068 'sed
755 1029 941 1088 supervacua
965 1020 1018 1070 est.
1071 1009 1126 1074 Τίς
1140 1012 1248 1074 α’δικεῖ
1263 1022 1314 1083 σε,·
1332 1013 1419 1076 formala

339 1099 386 1151 est
400 1093 537 1168 loquendi
552 1096 582 1150 io
608 1092 680 1148 loois
702 1090 868 1168 hujusmodi
892 1107 949 1148 non
973 1089 1158 1167 infrequens:
1179 1096 1235 1165 sio,
1259 1092 1318 1169 lph.
1338 1097 1420 1154 atat

342 1170 396 1234 Τίς
409 1172 515 1229 oldtxer‘
524 1181 579 1237 oe,-
600 1173 654 1226 τοῦ
670 1168 811 1246 κέχρησαι
825 1192 835 1238 ,·
858 1168 928 1243 Quis
939 1181 963 1227 te
973 1169 1080 1245 injuriat
1090 1169 1207 1248 ttffics‘t?
1227 1191 1280 1248 qno
1291 1172 1421 1251 reiodiga?

340 1239 532 1308 scribendum
547 1255 591 1306 est
606 1251 706 1323 igitur,
722 1250 870 1307 levissima
886 1251 1115 1326 transpositione,
1127 1267 1163 1306 ao
1186 1249 1309 1308 voculae
1330 1269 1374 1310 non
1389 1272 1420 1312 nc-

338 1346 485 1387 cessarrae
501 1346 675 1398 omrssrone3

535 1483 720 1572 3--at's‚
734 1485 820 1545 Zoro·

537 1570 597 1639 φοῖ,
610 1567 718 1624 α’δικεῖ
726 1573 779 1634 oe;

291 1772 302 1778 e
340 1728 427 1800 atque
456 1721 532 1780 hano
559 1723 717 1780 lectionem
746 1719 782 1780 ed
810 1721 1001 1780 confidentids
1028 1739 1176 1800 propono,
1205 1722 1281 1799 quod
1304 1725 1367 1798 apud
1385 1725 1420 1782 lle

338 1802 471 1879 Mootdly
488 1803 609 1873 Roaiam,
625 1801 706 1880 [don.
732 1805 816 1858 1798.
843 1801 906 1858 Vol.
932 1803 1027 1880 xxvi]
1049 1811 1226 1879 sequentem
1244 1820 1367 1860 canonem
1379 1809 1419 1862 sine

338 1880 538 1938 controversia
553 1879 750 1938 indoctissimo
776 1879 907 1937 Censore
932 1882 1092 1940 stabilitum
1111 1882 1221 1940 video:
1243 1881 1302 1937 “ln
1323 1887 1419 1942 omnini:

340 1965 360 1997 o
370 1958 509 2035 Sapphici
524 1962 679 2031 structuri,
697 1977 754 2015 vox
771 1963 811 2016 ita
827 1959 918 2016 dividi
935 1967 1041 2034 potest,
1053 1969 1085 2018 ut
1095 1963 1178 2036 prior
1187 1958 1253 2035 ejus
1268 1977 1330 2034 pars
1342 1973 1419 2018 namu

240 2041 247 2050 ’
340 2039 408 2095 “ad
423 2039 508 2096 finem
525 2040 625 2095 versds
640 2040 730 2108 tertii,
746 2045 777 2094 et
789 2041 936 2113 posterior
947 2047 1076 2096 transeat
1086 2041 1121 2097 ad
1137 2041 1254 2097 initium
1262 2043 1355 2114 quarti,
1363 2057 1418 2113 qaeu

339 2117 516 2175 “Adoniurn
530 2123 645 2174 vocant.
686 2117 773 2188 Quae
799 2118 932 2194 quidem.
942 2118 1048 2177 divisio
1071 2137 1221 2194 nunquam
1247 2118 1319 2193 apud
1338 2128 1418 2174 vetera

339 2201 471 2331 Etpodtas
487 2201 516 2253 in
532 2195 588 2253 tine
610 2197 710 2254 versas
734 2199 836 2272 primi,
851 2214 906 2254 nec
930 2198 1061 2271 secundi,
1086 2215 1142 2255 nec
1166 2199 1263 2274 quarti
1286 2197 1417 2254 inventas*

360 2275 476 2332 .'I¹arn.

379 2359 427 2412 24.
449 2352 489 2412 H
508 2355 541 2412 οὔ
562 2373 614 2412 κεν
634 2353 786 2430 {deltae}
808 2353 854 2411 Ja.
876 2351 974 2429 Upton
996 2357 1025 2411 in
1054 2354 1143 2414 Dion.
1174 2353 1321 2413 Halicarn.
1345 2353 1381 2409 lib.
1395 2353 1416 2408 de

340 2433 447 2491 Struct.
464 2434 544 2490 Orat.
558 2452 581 2490 s.
597 2439 643 2491 93.
660 2434 733 2508 legit
749 2433 770 2503 ἢ
785 2431 1002 2506 adniteretur,
1017 2452 1073 2490 neo
1096 2434 1185 2490 aliter
1209 2435 1319 2490 isaacus
1339 2431 1416 2488 losio

341 2515 371 2568 ln
385 2511 583 2575 Commentar.
599 2513 635 2568 ad
650 2512 809 2584 Catullum,
824 2530 899 2588 quae
922 2517 1069 2587 scriptura
1087 2513 1229 2570 mendosa
1251 2511 1319 2570 mihi
1332 2511 1414 2568 videtur.

340 2590 488 2648 Particula
504 2591 671 2665 potentialis
684 2591 766 2648 salvo
781 2609 866 2648 sensu
883 2592 984 2649 abessa
1001 2595 1051 2649 vir
1066 2597 1172 2667 potest.
1216 2592 1295 2668 Lego
1310 2589 1329 2663 ἢ
1346 2590 1412 2648 odra

274 2719 281 2730 .
339 2669 824 2741 lde'lloemotnolueris.Baoucrr.
847 2669 966 2728 Potius:
987 2671 1116 2728 etiamsi
1134 2670 1304 2729 taaoloert'r.
1339 2668 1414 2734 Ναυῆ,

340 2745 423 2805 Aeol.
439 2766 494 2824 pro
507 2749 543 2823 εἰ,
556 2751 591 2822 α’,
614 2749 696 2824 Angl.
712 2769 777 2805 evea
792 2749 825 2827 is
834 2749 896 2806 tloo
909 2748 1027 2808 adoaldst
1042 2760 1088 2806 aot
1109 2749 1203 2808 cleonae
1217 2751 1248 2807 s't.
1289 2749 1317 2806 ln
1335 2764 1415 2820 sequu-

341 2827 428 2901 tibus,
444 2828 601 2884 observent
616 2829 750 2903 discipuli
764 2826 1013 2889 voces‘Aeolicasr
1034 2829 1159 2902 χαλεαοῖ
1160 2849 1178 2884 ν
1189 2847 1245 2904 pro
1254 2829 1379 2903 χαλεπῶν,
1385 2828 1413 2880 rc.

380 2906 510 2974 θέα-(Σοὶ
526 2907 666 2964 debemus
692 2905 777 2980 hujus
800 2909 938 2965 carminis
961 2910 1228 2979 conservationem,
1243 2907 1317 2966 idem
1337 2919 1415 2978 magau

342 2987 460 3042 criticus
476 2985 634 3062 Dionysius
648 2985 800 3044 Halicarn.
817 2985 844 3042 id
860 2986 983 3060 pulchre*
1006 2991 1163 3052 enarravit.
1201 2978 1288 3065 [Vide
1309 2983 1361 3038 Vol.
1372 2997 1413 3053 ap.

344 3069 411 3134 179,
425 3083 484 3140 sqq.
501 3065 568 3122 edit.
586 3064 699 3141 Reislr.]
741 3064 772 3120 ld
788 3069 917 3122 numeris
933 3065 1043 3123 Latinis
1059 3065 1215 3140 Sapphiois
1236 3062 1350 3122 reddidit
1368 3059 1414 3115 lta

340 3143 490 3198 Andreas:
512 3160 638 3201 necnon
654 3144 729 3200 Sam.
746 3143 921 3202 Birkovius:
943 3161 1065 3222 quorum
1087 3147 1337 3220 interpretationes
1350 3139 1414 3195 viden

341 3221 584 3278 eslimEditione
602 3221 751 3278 Wolfiant.
794 3221 925 3280 Imitatus
953 3231 998 3280 est
1026 3222 1128 3279 Lnlind
1157 3223 1354 3282 celeberrimus
1373 3215 1413 3270 th·

341 3298 442 3372 Jonas,
465 3301 597 3375 append.
625 3301 705 3357 Polis.
730 3302 816 3358 Asiat.
842 3301 953 3358 Comm.
975 3317 1003 3376 p.
1025 3305 1093 3362 597.
1134 3301 1303 3359 Lectoribus
1329 3295 1414 3370 Augila·

342 3375 418 3434 bene
442 3386 510 3434 nota
531 3387 575 3436 est
598 3378 661 3454 ejus
684 3383 783 3438 versio
808 3384 935 3454 poetica,
959 3395 1034 3456 quae
1061 3379 1317 3437 auctorem'lrabet
1333 3375 1413 3433 Anto

341 3459 417 3513 sium
446 3457 576 3534 Philips;
612 3477 756 3536 quamque
778 3461 826 3516 vir
845 3461 1055 3536 elegantissimi
1075 3460 1186 3533 ingenii
1210 3457 1269 3514 Jos.
1289 3455 1412 3514 Addisonia

340 3536 519 3611 magnopere
535 3538 671 3594 laudavit.
694 3539 847 3614 Spectator,
862 3537 927 3595 Vol.
937 3537 986 3594 Ill.
1003 3537 1033 3595 N
1036 3556 1061 3594 o.
1079 3541 1145 3596 223.
1188 3537 1243 3596 Ubi
1259 3535 1320 3594 vide
1336 3543 1411 3610 qnoque

341 3615 485 3693 quaedam
499 3615 535 3672 de
552 3616 679 3692 Sappho.
700 3613 784 3673 Cons.
800 3616 958 3674 dloeaeide's
976 3615 1032 3674 Ode
1048 3637 1082 3674 oo
1097 3613 1184 3692 Lyae
1193 3625 1294 3696 poetap.

536 690 804 768 —ao'emd
990 704 997 719 ⁴

259 3968 261 3973 .
385 3921 447 3980 Ver.
472 3929 496 3982 1.
522 3921 672 3983 mactaret
682 3941 730 3995 μοι
747 3925 892 4004 ‘advoc—l
909 3927 1064 3985 Notaadae
1080 3941 1169 3983 voces
1184 3925 1327 3982 Aeolicus:
1343 3917 1409 3984 xiid·

341 4019 396 4080 pro
410 4004 529 4067 :aaaron
551 4007 652 4077 ἔμμεν,
666 4002 755 4079 ὡνήρ,
772 4003 899 4078 dedeina,
915 4008 1050 4078 πλασίον,
1063 4003 1122 4062 ddd
1144 4005 1287 4076 φωνᾱσαι,
1298 4016 1343 4077 pro
1353 3989 1410 4053 elwa

339 4079 432 4158 ὡνὴρ,
448 4083 523 4157 quod
538 4091 583 4139 est
596 4084 612 4140 ὁ
625 4084 713 4158 durio,
725 4081 841 4156 Ἱζάτει,
857 4083 993 4156 πλησίον,
1010 4083 1070 4156 aad
1085 4086 1230 4158 φωνῆσαι.
1378 4153 1383 4163 .

381 4165 408 4217 5.
429 4157 494 4218 Καὶ
508 4161 610 4234 γαλαῖς
625 4159 764 4236 ἱμερόεν]
780 4162 882 4236 γελαίῖς
906 4163 1006 4221 infinit.
1024 4169 1068 4220 est
1082 4160 1194 4219 formae
1209 4159 1338 4218 aeolicae.
1361 4148 1407 4204 lde

340 4237 519 4314 Gregorium
534 4259 563 4314 p.
579 4245 645 4296 294.
659 4238 755 4319 (619.)
778 4239 794 4318 q
810 4242 862 4298 liii.
875 4241 954 4298 Dial.
966 4243 1046 4298 Aeol.
1088 4241 1158 4299 Duo
1174 4231 1407 4320 infinitivipnito

340 4335 396 4392 pr⁰
410 4321 559 4390 φωνῆσαι,
574 4324 606 4383 el
619 4317 722 4391 ysidis·
737 4337 792 4394 pro
808 4321 915 4394 γελοῖα,
930 4321 966 4376 ab
989 4338 1046 4378 uno
1062 4319 1155 4377 verbo
1169 4316 1405 4398 prudentiamque·

341 4395 492 4453 Catullus:
516 4398 573 4470 Qui
586 4398 680 4454 sedeur
693 4398 824 4455 adversa-s
838 4397 988 4458 identidem
999 4409 1023 4455 te
1033 4409 1135 4478 spectat
1150 4409 1175 4455 et
1189 4396 1263 4456 ondit
1275 4393 1336 4451 dala:
1347 4385 1406 4443 rader

287 4534 298 4547 ,
341 4484 402 4532 tera.
423 4474 551 4534 Bauaor.
573 4475 611 4534 τό
625 4496 673 4549 μοι
686 4475 756 4550 ’μάν
771 4477 909 4556 Καρδίαν
924 4480 956 4536 ἐν
969 4473 1284 4550 antecantamenta]
1296 4466 1404 4548 quodcum
