<?xml version="1.0" encoding="UTF-8"?>
<!DOCTYPE html PUBLIC "-//W3C//DTD XHTML 1.0 Transitional//EN"
    "http://www.w3.org/TR/xhtml1/DTD/xhtml1-transitional.dtd">
<html xmlns="http://www.w3.org/1999/xhtml" xml:lang="en" lang="en">
 <head>
  <title>
</title>
<meta http-equiv="Content-Type" content="text/html;charset=utf-8" />
  <meta name='ocr-system' content='tesseract 3.04.00' />
  <meta name='ocr-capabilities' content='ocr_page ocr_carea ocr_par ocr_line ocrx_word'/>
</head>
<body>
  <div class='ocr_page' id='page_1' title='image "./analektahellnik09dalzgoog_0374.png"; bbox 0 0 3034 5217; ppageno 0'>
   <div class='ocr_carea' id='block_1_1' title="bbox 306 359 1085 424">
    <p class='ocr_par' dir='ltr' id='par_1_1' title="bbox 306 359 1085 424">
     <span class='ocr_line' id='line_1_1' title="bbox 306 359 1085 424; baseline -0.006 0"><span class='ocrx_word' id='word_1_1' title='bbox 306 370 327 424; x_wconf 85' lang='lat' dir='ltr'>ii</span> <span class='ocrx_word' id='word_1_2' title='bbox 644 359 786 420; x_wconf 73' lang='lat' dir='ltr'>Norat:</span> <span class='ocrx_word' id='word_1_3' title='bbox 807 360 853 420; x_wconf 82' lang='grc' dir='ltr'>ΙΝ</span> <span class='ocrx_word' id='word_1_4' title='bbox 874 359 1085 422; x_wconf 81' lang='lat' dir='ltr'>HOblEllUbl.</span> 
     </span>
    </p>
   </div>
   <div class='ocr_carea' id='block_1_2' title="bbox 269 480 1491 3394">
    <p class='ocr_par' dir='ltr' id='par_1_2' title="bbox 269 480 1419 714">
     <span class='ocr_line' id='line_1_2' title="bbox 269 480 1418 557; baseline -0.002 -15"><span class='ocrx_word' id='word_1_5' title='bbox 269 490 297 542; x_wconf 83' lang='grc'>3.</span> <span class='ocrx_word' id='word_1_6' title='bbox 309 489 367 540; x_wconf 87' lang='lat' dir='ltr'>tarn</span> <span class='ocrx_word' id='word_1_7' title='bbox 382 481 455 539; x_wconf 72' lang='lat' dir='ltr'>bend</span> <span class='ocrx_word' id='word_1_8' title='bbox 470 488 535 538; x_wconf 90' lang='lat' dir='ltr'>sunt</span> <span class='ocrx_word' id='word_1_9' title='bbox 548 480 716 554; x_wconf 57' lang='lat' dir='ltr'>dimositae,</span> <span class='ocrx_word' id='word_1_10' title='bbox 732 498 889 557; x_wconf 89' lang='lat' dir='ltr'>omnesque</span> <span class='ocrx_word' id='word_1_11' title='bbox 905 487 965 540; x_wconf 90' lang='lat' dir='ltr'>tam</span> <span class='ocrx_word' id='word_1_12' title='bbox 986 481 1053 557; x_wconf 74' lang='lat' dir='ltr'>apte</span> <span class='ocrx_word' id='word_1_13' title='bbox 1067 485 1192 540; x_wconf 82' lang='lat' dir='ltr'>interae</span> <span class='ocrx_word' id='word_1_14' title='bbox 1208 498 1369 555; x_wconf 81' lang='lat' dir='ltr'>cmrnexse,</span> <span class='ocrx_word' id='word_1_15' title='bbox 1387 489 1418 540; x_wconf 89' lang='lat' dir='ltr'>at</span> 
     </span>
     <span class='ocr_line' id='line_1_3' title="bbox 308 558 1419 634; baseline -0.002 -14"><span class='ocrx_word' id='word_1_16' title='bbox 308 561 447 634; x_wconf 85' lang='lat' dir='ltr'>exempla</span> <span class='ocrx_word' id='word_1_17' title='bbox 461 559 555 616; x_wconf 89' lang='lat' dir='ltr'>adhuc</span> <span class='ocrx_word' id='word_1_18' title='bbox 569 559 779 616; x_wconf 85' lang='lat' dir='ltr'>absolutissima</span> <span class='ocrx_word' id='word_1_19' title='bbox 792 560 957 634; x_wconf 88' lang='lat' dir='ltr'>praebeant</span> <span class='ocrx_word' id='word_1_20' title='bbox 974 561 1143 619; x_wconf 72' lang='lat' dir='ltr'>nobilissimi</span> <span class='ocrx_word' id='word_1_21' title='bbox 1156 558 1236 618; x_wconf 84' lang='lat' dir='ltr'>illius</span> <span class='ocrx_word' id='word_1_22' title='bbox 1256 559 1350 618; x_wconf 77' lang='lat' dir='ltr'>foetis</span> <span class='ocrx_word' id='word_1_23' title='bbox 1370 559 1419 618; x_wconf 88' lang='lat' dir='ltr'>hu·</span> 
     </span>
     <span class='ocr_line' id='line_1_4' title="bbox 309 636 1148 714; baseline -0.002 -17"><span class='ocrx_word' id='word_1_24' title='bbox 309 642 386 698; x_wconf 84' lang='lat' dir='ltr'>meni</span> <span class='ocrx_word' id='word_1_25' title='bbox 400 639 518 714; x_wconf 82' lang='lat' dir='ltr'>ingenii,</span> <span class='ocrx_word' id='word_1_26' title='bbox 534 636 617 712; x_wconf 83' lang='lat' dir='ltr'>Epici</span> <span class='ocrx_word' id='word_1_27' title='bbox 632 639 779 712; x_wconf 87' lang='lat' dir='ltr'>nimirum,</span> <span class='ocrx_word' id='word_1_28' title='bbox 792 639 844 696; x_wconf 84' lang='lat' dir='ltr'>vel</span> <span class='ocrx_word' id='word_1_29' title='bbox 858 636 980 697; x_wconf 83' lang='lat' dir='ltr'>Heroici</span> <span class='ocrx_word' id='word_1_30' title='bbox 995 639 1148 696; x_wconf 74' lang='lat' dir='ltr'>Poematis.</span> 
     </span>
    </p>

    <p class='ocr_par' dir='ltr' id='par_1_3' title="bbox 311 715 1491 2288">
     <span class='ocr_line' id='line_1_5' title="bbox 351 715 1418 794; baseline 0.005 -23"><span class='ocrx_word' id='word_1_31' title='bbox 351 719 490 789; x_wconf 73' lang='lat' dir='ltr'>Quisnam</span> <span class='ocrx_word' id='word_1_32' title='bbox 506 719 596 790; x_wconf 86' lang='lat' dir='ltr'>igitur</span> <span class='ocrx_word' id='word_1_33' title='bbox 609 723 654 772; x_wconf 89' lang='lat' dir='ltr'>est</span> <span class='ocrx_word' id='word_1_34' title='bbox 669 716 733 788; x_wconf 87' lang='lat' dir='ltr'>llle,</span> <span class='ocrx_word' id='word_1_35' title='bbox 747 723 798 774; x_wconf 89' lang='lat' dir='ltr'>aut</span> <span class='ocrx_word' id='word_1_36' title='bbox 812 715 887 774; x_wconf 71' lang='lat' dir='ltr'>ande</span> <span class='ocrx_word' id='word_1_37' title='bbox 900 721 991 791; x_wconf 76' lang='lat' dir='ltr'>venit,</span> <span class='ocrx_word' id='word_1_38' title='bbox 1005 720 1055 793; x_wconf 89' lang='lat' dir='ltr'>qul</span> <span class='ocrx_word' id='word_1_39' title='bbox 1069 717 1255 794; x_wconf 72' lang='lat' dir='ltr'>legislatores</span> <span class='ocrx_word' id='word_1_40' title='bbox 1273 720 1418 776; x_wconf 87' lang='lat' dir='ltr'>scientiam</span> 
     </span>
     <span class='ocr_line' id='line_1_6' title="bbox 311 794 1418 874; baseline -0.001 -21"><span class='ocrx_word' id='word_1_41' title='bbox 311 797 468 874; x_wconf 86' lang='lat' dir='ltr'>politicam,</span> <span class='ocrx_word' id='word_1_42' title='bbox 484 797 532 868; x_wconf 90' lang='lat' dir='ltr'>qui</span> <span class='ocrx_word' id='word_1_43' title='bbox 548 794 701 852; x_wconf 87' lang='lat' dir='ltr'>historicos</span> <span class='ocrx_word' id='word_1_44' title='bbox 714 812 750 851; x_wconf 85' lang='lat' dir='ltr'>ac</span> <span class='ocrx_word' id='word_1_45' title='bbox 763 795 953 871; x_wconf 88' lang='lat' dir='ltr'>philosophos</span> <span class='ocrx_word' id='word_1_46' title='bbox 968 801 1063 854; x_wconf 89' lang='lat' dir='ltr'>artem</span> <span class='ocrx_word' id='word_1_47' title='bbox 1085 795 1241 868; x_wconf 88' lang='lat' dir='ltr'>scribendi,</span> <span class='ocrx_word' id='word_1_48' title='bbox 1255 797 1305 871; x_wconf 87' lang='lat' dir='ltr'>qui</span> <span class='ocrx_word' id='word_1_49' title='bbox 1325 803 1418 870; x_wconf 78' lang='lat' dir='ltr'>poetas</span> 
     </span>
     <span class='ocr_line' id='line_1_7' title="bbox 313 869 1419 949; baseline -0.005 -15"><span class='ocrx_word' id='word_1_50' title='bbox 313 881 343 934; x_wconf 88' lang='lat' dir='ltr'>et</span> <span class='ocrx_word' id='word_1_51' title='bbox 358 879 488 931; x_wconf 86' lang='lat' dir='ltr'>oratores</span> <span class='ocrx_word' id='word_1_52' title='bbox 503 869 646 947; x_wconf 83' lang='lat' dir='ltr'>quomodd</span> <span class='ocrx_word' id='word_1_53' title='bbox 661 871 782 930; x_wconf 82' lang='lat' dir='ltr'>affectus</span> <span class='ocrx_word' id='word_1_54' title='bbox 800 873 1005 933; x_wconf 84' lang='lat' dir='ltr'>commovendi</span> <span class='ocrx_word' id='word_1_55' title='bbox 1028 879 1087 933; x_wconf 88' lang='lat' dir='ltr'>siut</span> <span class='ocrx_word' id='word_1_56' title='bbox 1107 873 1217 933; x_wconf 86' lang='lat' dir='ltr'>docetl</span> <span class='ocrx_word' id='word_1_57' title='bbox 1236 881 1324 949; x_wconf 84' lang='lat' dir='ltr'>atque</span> <span class='ocrx_word' id='word_1_58' title='bbox 1341 876 1419 949; x_wconf 87' lang='lat' dir='ltr'>cujas</span> 
     </span>
     <span class='ocr_line' id='line_1_8' title="bbox 313 951 1420 1030; baseline -0.002 -19"><span class='ocrx_word' id='word_1_59' title='bbox 313 952 519 1011; x_wconf 85' lang='lat' dir='ltr'>excellentiam</span> <span class='ocrx_word' id='word_1_60' title='bbox 534 968 634 1008; x_wconf 88' lang='lat' dir='ltr'>omnes</span> <span class='ocrx_word' id='word_1_61' title='bbox 649 957 706 1008; x_wconf 89' lang='lat' dir='ltr'>tam</span> <span class='ocrx_word' id='word_1_62' title='bbox 721 951 808 1008; x_wconf 74' lang='lat' dir='ltr'>facile</span> <span class='ocrx_word' id='word_1_63' title='bbox 821 959 982 1028; x_wconf 77' lang='lat' dir='ltr'>agnoscunt</span> <span class='ocrx_word' id='word_1_64' title='bbox 995 954 1081 1028; x_wconf 78' lang='lat' dir='ltr'>quim</span> <span class='ocrx_word' id='word_1_65' title='bbox 1093 953 1282 1030; x_wconf 75' lang='lat' dir='ltr'>splendorem</span> <span class='ocrx_word' id='word_1_66' title='bbox 1295 953 1362 1009; x_wconf 89' lang='lat' dir='ltr'>solis</span> <span class='ocrx_word' id='word_1_67' title='bbox 1374 956 1420 1028; x_wconf 90' lang='lat' dir='ltr'>qai</span> 
     </span>
     <span class='ocr_line' id='line_1_9' title="bbox 312 1029 1491 1115; baseline -0.001 -27"><span class='ocrx_word' id='word_1_68' title='bbox 312 1037 404 1088; x_wconf 90' lang='lat' dir='ltr'>totum</span> <span class='ocrx_word' id='word_1_69' title='bbox 418 1029 555 1086; x_wconf 91' lang='lat' dir='ltr'>mundum</span> <span class='ocrx_word' id='word_1_70' title='bbox 569 1029 736 1088; x_wconf 78' lang='lat' dir='ltr'>illuminat*</span> <span class='ocrx_word' id='word_1_71' title='bbox 771 1030 938 1089; x_wconf 88' lang='lat' dir='ltr'>Dolendum</span> <span class='ocrx_word' id='word_1_72' title='bbox 953 1033 1071 1110; x_wconf 90' lang='lat' dir='ltr'>quidem</span> <span class='ocrx_word' id='word_1_73' title='bbox 1084 1038 1131 1090; x_wconf 88' lang='lat' dir='ltr'>est</span> <span class='ocrx_word' id='word_1_74' title='bbox 1149 1031 1219 1090; x_wconf 88' lang='lat' dir='ltr'>talia</span> <span class='ocrx_word' id='word_1_75' title='bbox 1236 1033 1419 1106; x_wconf 77' lang='lat' dir='ltr'>interroganti</span> <span class='ocrx_word' id='word_1_76' title='bbox 1489 1098 1491 1115; x_wconf 49' lang='grc' dir='ltr'>Ι</span> 
     </span>
     <span class='ocr_line' id='line_1_10' title="bbox 312 1108 1419 1186; baseline -0.001 -18"><span class='ocrx_word' id='word_1_77' title='bbox 312 1109 423 1168; x_wconf 92' lang='lat' dir='ltr'>nullum</span> <span class='ocrx_word' id='word_1_78' title='bbox 437 1125 522 1183; x_wconf 88' lang='lat' dir='ltr'>posse</span> <span class='ocrx_word' id='word_1_79' title='bbox 538 1109 622 1182; x_wconf 72' lang='lat' dir='ltr'>reddi</span> <span class='ocrx_word' id='word_1_80' title='bbox 636 1108 774 1170; x_wconf 90' lang='lat' dir='ltr'>idoneum</span> <span class='ocrx_word' id='word_1_81' title='bbox 787 1127 967 1185; x_wconf 88' lang='lat' dir='ltr'>responsum.</span> <span class='ocrx_word' id='word_1_82' title='bbox 1008 1110 1063 1169; x_wconf 89' lang='lat' dir='ltr'>llle</span> <span class='ocrx_word' id='word_1_83' title='bbox 1085 1113 1135 1186; x_wconf 92' lang='lat' dir='ltr'>qui</span> <span class='ocrx_word' id='word_1_84' title='bbox 1152 1111 1230 1167; x_wconf 77' lang='lat' dir='ltr'>tanti</span> <span class='ocrx_word' id='word_1_85' title='bbox 1252 1110 1419 1185; x_wconf 67' lang='lat' dir='ltr'>eloquentis,</span> 
     </span>
     <span class='ocr_line' id='line_1_11' title="bbox 312 1187 1491 1269; baseline -0.002 -23"><span class='ocrx_word' id='word_1_86' title='bbox 312 1195 477 1259; x_wconf 79' lang='lat' dir='ltr'>venustate,</span> <span class='ocrx_word' id='word_1_87' title='bbox 492 1194 578 1262; x_wconf 89' lang='lat' dir='ltr'>atque</span> <span class='ocrx_word' id='word_1_88' title='bbox 593 1191 804 1264; x_wconf 76' lang='lat' dir='ltr'>perspicuitate</span> <span class='ocrx_word' id='word_1_89' title='bbox 819 1188 856 1245; x_wconf 89' lang='lat' dir='ltr'>de</span> <span class='ocrx_word' id='word_1_90' title='bbox 871 1190 960 1246; x_wconf 88' lang='lat' dir='ltr'>rebus</span> <span class='ocrx_word' id='word_1_91' title='bbox 973 1193 1064 1265; x_wconf 80' lang='lat' dir='ltr'>gestis</span> <span class='ocrx_word' id='word_1_92' title='bbox 1078 1190 1205 1246; x_wconf 89' lang='lat' dir='ltr'>aliorum</span> <span class='ocrx_word' id='word_1_93' title='bbox 1215 1190 1374 1262; x_wconf 70' lang='lat' dir='ltr'>scripserit,</span> <span class='ocrx_word' id='word_1_94' title='bbox 1386 1187 1419 1244; x_wconf 85' lang='lat' dir='ltr'>de</span> <span class='ocrx_word' id='word_1_95' title='bbox 1489 1248 1491 1269; x_wconf 51' lang='grc' dir='ltr'>Ι</span> 
     </span>
     <span class='ocr_line' id='line_1_12' title="bbox 312 1264 1491 1341; baseline -0.001 -17"><span class='ocrx_word' id='word_1_96' title='bbox 312 1285 356 1341; x_wconf 92' lang='lat' dir='ltr'>se,</span> <span class='ocrx_word' id='word_1_97' title='bbox 382 1283 456 1341; x_wconf 90' lang='lat' dir='ltr'>quae</span> <span class='ocrx_word' id='word_1_98' title='bbox 479 1264 543 1340; x_wconf 88' lang='lat' dir='ltr'>ejus</span> <span class='ocrx_word' id='word_1_99' title='bbox 567 1271 631 1322; x_wconf 88' lang='lat' dir='ltr'>erat</span> <span class='ocrx_word' id='word_1_100' title='bbox 652 1267 805 1340; x_wconf 89' lang='lat' dir='ltr'>modestia,</span> <span class='ocrx_word' id='word_1_101' title='bbox 819 1266 936 1324; x_wconf 82' lang='lat' dir='ltr'>omnind</span> <span class='ocrx_word' id='word_1_102' title='bbox 949 1266 1090 1332; x_wconf 75' lang='lat' dir='ltr'>reticuiti</span> <span class='ocrx_word' id='word_1_103' title='bbox 1109 1267 1250 1325; x_wconf 81' lang='lat' dir='ltr'>“Omnes</span> <span class='ocrx_word' id='word_1_104' title='bbox 1264 1265 1420 1338; x_wconf 84' lang='lat' dir='ltr'>homines,”</span> <span class='ocrx_word' id='word_1_105' title='bbox 1489 1272 1491 1309; x_wconf 75' lang='grc' dir='ltr'><strong>ῑ</strong></span> 
     </span>
     <span class='ocr_line' id='line_1_13' title="bbox 313 1341 1420 1424; baseline -0.002 -21"><span class='ocrx_word' id='word_1_106' title='bbox 313 1349 406 1421; x_wconf 90' lang='lat' dir='ltr'>inquit</span> <span class='ocrx_word' id='word_1_107' title='bbox 419 1344 584 1401; x_wconf 86' lang='lat' dir='ltr'>doctissima</span> <span class='ocrx_word' id='word_1_108' title='bbox 601 1343 751 1418; x_wconf 74' lang='lat' dir='ltr'>Decimio,</span> <span class='ocrx_word' id='word_1_109' title='bbox 765 1349 915 1420; x_wconf 79' lang='lat' dir='ltr'>“cupiunt</span> <span class='ocrx_word' id='word_1_110' title='bbox 936 1363 1116 1424; x_wconf 74' lang='lat' dir='ltr'>cognoscere</span> <span class='ocrx_word' id='word_1_111' title='bbox 1140 1345 1233 1422; x_wconf 84' lang='lat' dir='ltr'>qualis</span> <span class='ocrx_word' id='word_1_112' title='bbox 1254 1345 1305 1401; x_wconf 92' lang='lat' dir='ltr'>ille</span> <span class='ocrx_word' id='word_1_113' title='bbox 1328 1341 1420 1416; x_wconf 81' lang='lat' dir='ltr'>luerit,</span> 
     </span>
     <span class='ocr_line' id='line_1_14' title="bbox 313 1421 1420 1500; baseline -0.001 -20"><span class='ocrx_word' id='word_1_114' title='bbox 313 1426 391 1500; x_wconf 81' lang='lat' dir='ltr'>“qui</span> <span class='ocrx_word' id='word_1_115' title='bbox 405 1435 508 1480; x_wconf 86' lang='lat' dir='ltr'>eorum</span> <span class='ocrx_word' id='word_1_116' title='bbox 523 1423 742 1481; x_wconf 81' lang='lat' dir='ltr'>admirationem</span> <span class='ocrx_word' id='word_1_117' title='bbox 758 1427 916 1495; x_wconf 79' lang='lat' dir='ltr'>excitarit3</span> <span class='ocrx_word' id='word_1_118' title='bbox 937 1425 989 1482; x_wconf 89' lang='lat' dir='ltr'>sed</span> <span class='ocrx_word' id='word_1_119' title='bbox 1011 1427 1051 1482; x_wconf 81' lang='lat' dir='ltr'>ita</span> <span class='ocrx_word' id='word_1_120' title='bbox 1071 1441 1121 1483; x_wconf 89' lang='lat' dir='ltr'>res</span> <span class='ocrx_word' id='word_1_121' title='bbox 1140 1430 1195 1497; x_wconf 86' lang='lat' dir='ltr'>est,</span> <span class='ocrx_word' id='word_1_122' title='bbox 1214 1421 1420 1498; x_wconf 88' lang='lat' dir='ltr'>hujusmodide</span> 
     </span>
     <span class='ocr_line' id='line_1_15' title="bbox 314 1501 1420 1579; baseline -0.002 -19"><span class='ocrx_word' id='word_1_123' title='bbox 314 1508 333 1541; x_wconf 86' lang='lat'>“</span> <span class='ocrx_word' id='word_1_124' title='bbox 346 1502 477 1560; x_wconf 88' lang='lat' dir='ltr'>Homero</span> <span class='ocrx_word' id='word_1_125' title='bbox 487 1501 663 1559; x_wconf 84' lang='lat' dir='ltr'>desiderium</span> <span class='ocrx_word' id='word_1_126' title='bbox 673 1519 818 1577; x_wconf 87' lang='lat' dir='ltr'>nunquam</span> <span class='ocrx_word' id='word_1_127' title='bbox 826 1503 942 1577; x_wconf 82' lang='lat' dir='ltr'>expleri</span> <span class='ocrx_word' id='word_1_128' title='bbox 951 1506 1076 1579; x_wconf 85' lang='lat' dir='ltr'>poterit;</span> <span class='ocrx_word' id='word_1_129' title='bbox 1092 1505 1257 1561; x_wconf 88' lang='lat' dir='ltr'>etomnium</span> <span class='ocrx_word' id='word_1_130' title='bbox 1264 1501 1420 1559; x_wconf 81' lang='lat' dir='ltr'>mortalium</span> 
     </span>
     <span class='ocr_line' id='line_1_16' title="bbox 314 1579 1420 1654; baseline -0.002 -16"><span class='ocrx_word' id='word_1_131' title='bbox 314 1581 555 1638; x_wconf 86' lang='lat' dir='ltr'>“celeberrimus</span> <span class='ocrx_word' id='word_1_132' title='bbox 579 1597 699 1654; x_wconf 87' lang='lat' dir='ltr'>semper</span> <span class='ocrx_word' id='word_1_133' title='bbox 718 1583 776 1638; x_wconf 90' lang='lat' dir='ltr'>erit</span> <span class='ocrx_word' id='word_1_134' title='bbox 796 1581 921 1646; x_wconf 74' lang='lat' dir='ltr'>maxime</span> <span class='ocrx_word' id='word_1_135' title='bbox 943 1586 1071 1640; x_wconf 91' lang='lat' dir='ltr'>omnium</span> <span class='ocrx_word' id='word_1_136' title='bbox 1091 1581 1222 1640; x_wconf 91' lang='lat' dir='ltr'>tenebris</span> <span class='ocrx_word' id='word_1_137' title='bbox 1246 1579 1420 1639; x_wconf 79' lang='lat' dir='ltr'>obvolutm.¹’</span> 
     </span>
     <span class='ocr_line' id='line_1_17' title="bbox 315 1654 1422 1738; baseline -0.003 -21"><span class='ocrx_word' id='word_1_138' title='bbox 315 1657 426 1738; x_wconf 86' lang='lat' dir='ltr'>[Praes.</span> <span class='ocrx_word' id='word_1_139' title='bbox 455 1654 491 1715; x_wconf 91' lang='lat' dir='ltr'>ad</span> <span class='ocrx_word' id='word_1_140' title='bbox 518 1659 612 1734; x_wconf 82' lang='lat' dir='ltr'>iliad]</span> <span class='ocrx_word' id='word_1_141' title='bbox 648 1659 731 1717; x_wconf 90' lang='lat' dir='ltr'>Unde</span> <span class='ocrx_word' id='word_1_142' title='bbox 753 1657 862 1718; x_wconf 84' lang='lat' dir='ltr'>factum</span> <span class='ocrx_word' id='word_1_143' title='bbox 882 1669 928 1718; x_wconf 88' lang='lat' dir='ltr'>est</span> <span class='ocrx_word' id='word_1_144' title='bbox 946 1669 980 1718; x_wconf 89' lang='lat' dir='ltr'>ut</span> <span class='ocrx_word' id='word_1_145' title='bbox 1000 1660 1109 1718; x_wconf 77' lang='lat' dir='ltr'>olimel</span> <span class='ocrx_word' id='word_1_146' title='bbox 1136 1659 1307 1736; x_wconf 84' lang='lat' dir='ltr'>quibusdam</span> <span class='ocrx_word' id='word_1_147' title='bbox 1332 1659 1422 1716; x_wconf 79' lang='lat' dir='ltr'>divini</span> 
     </span>
     <span class='ocr_line' id='line_1_18' title="bbox 315 1734 1422 1814; baseline -0.002 -19"><span class='ocrx_word' id='word_1_148' title='bbox 315 1740 429 1814; x_wconf 83' lang='lat' dir='ltr'>origine</span> <span class='ocrx_word' id='word_1_149' title='bbox 443 1734 532 1794; x_wconf 80' lang='lat' dir='ltr'>luisse</span> <span class='ocrx_word' id='word_1_150' title='bbox 547 1737 729 1794; x_wconf 84' lang='lat' dir='ltr'>crederetur.</span> <span class='ocrx_word' id='word_1_151' title='bbox 770 1739 850 1810; x_wconf 80' lang='lat' dir='ltr'>Quin</span> <span class='ocrx_word' id='word_1_152' title='bbox 865 1747 897 1796; x_wconf 86' lang='lat' dir='ltr'>et</span> <span class='ocrx_word' id='word_1_153' title='bbox 911 1740 1021 1814; x_wconf 89' lang='lat' dir='ltr'>templa</span> <span class='ocrx_word' id='word_1_154' title='bbox 1034 1745 1064 1799; x_wconf 89' lang='lat' dir='ltr'>ei</span> <span class='ocrx_word' id='word_1_155' title='bbox 1076 1744 1105 1797; x_wconf 93' lang='lat' dir='ltr'>in</span> <span class='ocrx_word' id='word_1_156' title='bbox 1114 1741 1203 1798; x_wconf 83' lang='lat' dir='ltr'>variis</span> <span class='ocrx_word' id='word_1_157' title='bbox 1214 1737 1288 1796; x_wconf 86' lang='lat' dir='ltr'>locis</span> <span class='ocrx_word' id='word_1_158' title='bbox 1297 1742 1422 1796; x_wconf 75' lang='lat' dir='ltr'>extructa</span> 
     </span>
     <span class='ocr_line' id='line_1_19' title="bbox 315 1816 1421 1894; baseline -0.001 -21"><span class='ocrx_word' id='word_1_159' title='bbox 315 1823 413 1887; x_wconf 87' lang='lat' dir='ltr'>erant;</span> <span class='ocrx_word' id='word_1_160' title='bbox 434 1822 466 1873; x_wconf 88' lang='lat' dir='ltr'>et</span> <span class='ocrx_word' id='word_1_161' title='bbox 480 1817 647 1892; x_wconf 78' lang='lat' dir='ltr'>apotheosis</span> <span class='ocrx_word' id='word_1_162' title='bbox 661 1816 735 1891; x_wconf 87' lang='lat' dir='ltr'>ejus,</span> <span class='ocrx_word' id='word_1_163' title='bbox 750 1819 801 1875; x_wconf 88' lang='lat' dir='ltr'>vel</span> <span class='ocrx_word' id='word_1_164' title='bbox 819 1822 1011 1891; x_wconf 85' lang='lat' dir='ltr'>consecratio,</span> <span class='ocrx_word' id='word_1_165' title='bbox 1026 1818 1055 1874; x_wconf 91' lang='lat' dir='ltr'>in</span> <span class='ocrx_word' id='word_1_166' title='bbox 1073 1820 1190 1894; x_wconf 83' lang='lat' dir='ltr'>antiquo</span> <span class='ocrx_word' id='word_1_167' title='bbox 1214 1817 1312 1891; x_wconf 90' lang='lat' dir='ltr'>lapide</span> <span class='ocrx_word' id='word_1_168' title='bbox 1336 1817 1421 1890; x_wconf 82' lang='lat' dir='ltr'>desig·</span> 
     </span>
     <span class='ocr_line' id='line_1_20' title="bbox 315 1893 1422 1972; baseline -0.002 -20"><span class='ocrx_word' id='word_1_169' title='bbox 315 1901 392 1968; x_wconf 85' lang='lat' dir='ltr'>nata,</span> <span class='ocrx_word' id='word_1_170' title='bbox 414 1893 509 1952; x_wconf 83' lang='lat' dir='ltr'>adhuc</span> <span class='ocrx_word' id='word_1_171' title='bbox 531 1894 722 1972; x_wconf 60' lang='lat' dir='ltr'>assenciunt</span> <span class='ocrx_word' id='word_1_172' title='bbox 762 1899 782 1932; x_wconf 71' lang='lat'>‘⁴</span> <span class='ocrx_word' id='word_1_173' title='bbox 794 1894 875 1953; x_wconf 79' lang='lat' dir='ltr'>hded</span> <span class='ocrx_word' id='word_1_174' title='bbox 895 1897 1062 1970; x_wconf 85' lang='lat' dir='ltr'>nimirum,&#39;’</span> <span class='ocrx_word' id='word_1_175' title='bbox 1083 1899 1175 1972; x_wconf 89' lang='lat' dir='ltr'>inquit</span> <span class='ocrx_word' id='word_1_176' title='bbox 1195 1895 1363 1967; x_wconf 86' lang='lat' dir='ltr'>Politianus,</span> <span class='ocrx_word' id='word_1_177' title='bbox 1381 1897 1422 1950; x_wconf 83' lang='lat' dir='ltr'>vir</span> 
     </span>
     <span class='ocr_line' id='line_1_21' title="bbox 315 1975 1422 2050; baseline -0.003 -18"><span class='ocrx_word' id='word_1_178' title='bbox 315 1975 458 2050; x_wconf 81' lang='lat' dir='ltr'>elegantis</span> <span class='ocrx_word' id='word_1_179' title='bbox 473 1975 593 2049; x_wconf 81' lang='lat' dir='ltr'>ingenii,</span> <span class='ocrx_word' id='word_1_180' title='bbox 608 1976 703 2030; x_wconf 85' lang='lat' dir='ltr'>“sese</span> <span class='ocrx_word' id='word_1_181' title='bbox 718 1991 808 2050; x_wconf 87' lang='lat' dir='ltr'>supra</span> <span class='ocrx_word' id='word_1_182' title='bbox 821 1975 971 2032; x_wconf 89' lang='lat' dir='ltr'>hominum</span> <span class='ocrx_word' id='word_1_183' title='bbox 985 1976 1182 2035; x_wconf 88' lang='lat' dir='ltr'>conditionem</span> <span class='ocrx_word' id='word_1_184' title='bbox 1198 1980 1283 2032; x_wconf 85' lang='lat' dir='ltr'>rates</span> <span class='ocrx_word' id='word_1_185' title='bbox 1296 1975 1346 2032; x_wconf 90' lang='lat' dir='ltr'>bic</span> <span class='ocrx_word' id='word_1_186' title='bbox 1359 1976 1422 2030; x_wconf 89' lang='lat' dir='ltr'>emi·</span> 
     </span>
     <span class='ocr_line' id='line_1_22' title="bbox 315 2051 1421 2146; baseline -0.001 -37"><span class='ocrx_word' id='word_1_187' title='bbox 315 2055 529 2111; x_wconf 84' lang='lat' dir='ltr'>“nentissimus</span> <span class='ocrx_word' id='word_1_188' title='bbox 549 2057 636 2146; x_wconf 86' lang='lat' dir='ltr'>atque</span> <span class='ocrx_word' id='word_1_189' title='bbox 665 2054 901 2126; x_wconf 88' lang='lat' dir='ltr'>incomparahihs</span> <span class='ocrx_word' id='word_1_190' title='bbox 921 2054 1037 2127; x_wconf 83' lang='lat' dir='ltr'>attollit,</span> <span class='ocrx_word' id='word_1_191' title='bbox 1057 2054 1200 2130; x_wconf 71' lang='lat' dir='ltr'>adebque,</span> <span class='ocrx_word' id='word_1_192' title='bbox 1213 2053 1288 2110; x_wconf 89' lang='lat' dir='ltr'>nihil</span> <span class='ocrx_word' id='word_1_193' title='bbox 1308 2051 1421 2110; x_wconf 84' lang='lat' dir='ltr'>mortale</span> 
     </span>
     <span class='ocr_line' id='line_1_23' title="bbox 314 2130 1422 2207; baseline -0.002 -19"><span class='ocrx_word' id='word_1_194' title='bbox 314 2133 334 2170; x_wconf 67' lang='lat' dir='ltr'>‘t</span> <span class='ocrx_word' id='word_1_195' title='bbox 344 2139 435 2206; x_wconf 84' lang='lat' dir='ltr'>sonat,</span> <span class='ocrx_word' id='word_1_196' title='bbox 450 2137 482 2188; x_wconf 91' lang='lat' dir='ltr'>ut</span> <span class='ocrx_word' id='word_1_197' title='bbox 496 2135 601 2188; x_wconf 88' lang='lat' dir='ltr'>merito</span> <span class='ocrx_word' id='word_1_198' title='bbox 617 2131 659 2188; x_wconf 89' lang='lat' dir='ltr'>illi</span> <span class='ocrx_word' id='word_1_199' title='bbox 674 2137 704 2188; x_wconf 90' lang='lat' dir='ltr'>et</span> <span class='ocrx_word' id='word_1_200' title='bbox 718 2135 815 2207; x_wconf 87' lang='lat' dir='ltr'>patria</span> <span class='ocrx_word' id='word_1_201' title='bbox 827 2134 955 2207; x_wconf 86' lang='lat' dir='ltr'>coelum,</span> <span class='ocrx_word' id='word_1_202' title='bbox 969 2139 1001 2191; x_wconf 93' lang='lat' dir='ltr'>et</span> <span class='ocrx_word' id='word_1_203' title='bbox 1014 2140 1110 2191; x_wconf 89' lang='lat' dir='ltr'>mater</span> <span class='ocrx_word' id='word_1_204' title='bbox 1118 2150 1183 2190; x_wconf 86' lang='lat' dir='ltr'>esse</span> <span class='ocrx_word' id='word_1_205' title='bbox 1191 2131 1329 2207; x_wconf 89' lang='lat' dir='ltr'>Calliope</span> <span class='ocrx_word' id='word_1_206' title='bbox 1337 2130 1422 2189; x_wconf 82' lang='lat' dir='ltr'>rideri</span> 
     </span>
     <span class='ocr_line' id='line_1_24' title="bbox 314 2209 762 2288; baseline 0 -22"><span class='ocrx_word' id='word_1_207' title='bbox 314 2210 476 2286; x_wconf 44' lang='lat' dir='ltr'>“possiti’‘</span> <span class='ocrx_word' id='word_1_208' title='bbox 497 2209 608 2288; x_wconf 79' lang='lat' dir='ltr'>[Praei.</span> <span class='ocrx_word' id='word_1_209' title='bbox 623 2211 651 2267; x_wconf 88' lang='lat' dir='ltr'>in</span> <span class='ocrx_word' id='word_1_210' title='bbox 666 2209 762 2287; x_wconf 84' lang='lat' dir='ltr'>iliad]</span> 
     </span>
    </p>

    <p class='ocr_par' dir='ltr' id='par_1_4' title="bbox 314 2289 1423 2838">
     <span class='ocr_line' id='line_1_25' title="bbox 355 2289 1422 2365; baseline -0.001 -19"><span class='ocrx_word' id='word_1_211' title='bbox 355 2289 563 2346; x_wconf 84' lang='lat' dir='ltr'>Narrationem</span> <span class='ocrx_word' id='word_1_212' title='bbox 579 2289 694 2364; x_wconf 90' lang='lat' dir='ltr'>quidem</span> <span class='ocrx_word' id='word_1_213' title='bbox 710 2289 851 2348; x_wconf 86' lang='lat' dir='ltr'>habemus</span> <span class='ocrx_word' id='word_1_214' title='bbox 866 2290 903 2348; x_wconf 92' lang='lat' dir='ltr'>de</span> <span class='ocrx_word' id='word_1_215' title='bbox 918 2293 977 2350; x_wconf 70' lang='lat' dir='ltr'>vitai</span> <span class='ocrx_word' id='word_1_216' title='bbox 992 2289 1117 2348; x_wconf 86' lang='lat' dir='ltr'>Homeri</span> <span class='ocrx_word' id='word_1_217' title='bbox 1131 2291 1167 2349; x_wconf 89' lang='lat' dir='ltr'>ab</span> <span class='ocrx_word' id='word_1_218' title='bbox 1182 2292 1307 2365; x_wconf 88' lang='lat' dir='ltr'>antiquis</span> <span class='ocrx_word' id='word_1_219' title='bbox 1321 2295 1422 2362; x_wconf 75' lang='lat' dir='ltr'>tempe</span> 
     </span>
     <span class='ocr_line' id='line_1_26' title="bbox 315 2367 1423 2445; baseline -0.004 -19"><span class='ocrx_word' id='word_1_220' title='bbox 315 2369 394 2426; x_wconf 89' lang='lat' dir='ltr'>ribus</span> <span class='ocrx_word' id='word_1_221' title='bbox 408 2369 490 2424; x_wconf 90' lang='lat' dir='ltr'>nohis</span> <span class='ocrx_word' id='word_1_222' title='bbox 505 2367 649 2439; x_wconf 83' lang='lat' dir='ltr'>traditam,</span> <span class='ocrx_word' id='word_1_223' title='bbox 665 2373 696 2424; x_wconf 88' lang='lat' dir='ltr'>et</span> <span class='ocrx_word' id='word_1_224' title='bbox 711 2367 864 2426; x_wconf 89' lang='lat' dir='ltr'>Herodoto</span> <span class='ocrx_word' id='word_1_225' title='bbox 878 2370 1017 2428; x_wconf 84' lang='lat' dir='ltr'>historiae</span> <span class='ocrx_word' id='word_1_226' title='bbox 1040 2373 1116 2445; x_wconf 90' lang='lat' dir='ltr'>patri</span> <span class='ocrx_word' id='word_1_227' title='bbox 1131 2367 1230 2445; x_wconf 71' lang='lat' dir='ltr'>vulgd,</span> <span class='ocrx_word' id='word_1_228' title='bbox 1243 2370 1306 2441; x_wconf 81' lang='lat' dir='ltr'>sed,</span> <span class='ocrx_word' id='word_1_229' title='bbox 1321 2375 1353 2424; x_wconf 88' lang='lat' dir='ltr'>ut</span> <span class='ocrx_word' id='word_1_230' title='bbox 1364 2384 1423 2423; x_wconf 88' lang='lat' dir='ltr'>era-</span> 
     </span>
     <span class='ocr_line' id='line_1_27' title="bbox 314 2445 1423 2524; baseline -0.005 -20"><span class='ocrx_word' id='word_1_231' title='bbox 314 2447 443 2504; x_wconf 86' lang='lat' dir='ltr'>ditissimi</span> <span class='ocrx_word' id='word_1_232' title='bbox 457 2445 588 2503; x_wconf 88' lang='lat' dir='ltr'>homines</span> <span class='ocrx_word' id='word_1_233' title='bbox 602 2451 714 2521; x_wconf 79' lang='lat' dir='ltr'>putant,</span> <span class='ocrx_word' id='word_1_234' title='bbox 730 2445 801 2504; x_wconf 79' lang='lat' dir='ltr'>saled</span> <span class='ocrx_word' id='word_1_235' title='bbox 815 2448 996 2524; x_wconf 84' lang='lat' dir='ltr'>adscriptam.</span> <span class='ocrx_word' id='word_1_236' title='bbox 1025 2447 1183 2507; x_wconf 75' lang='lat' dir='ltr'>Enimvero</span> <span class='ocrx_word' id='word_1_237' title='bbox 1192 2448 1300 2523; x_wconf 88' lang='lat' dir='ltr'>ubique</span> <span class='ocrx_word' id='word_1_238' title='bbox 1311 2445 1423 2504; x_wconf 83' lang='lat' dir='ltr'>exhibet</span> 
     </span>
     <span class='ocr_line' id='line_1_28' title="bbox 314 2523 1422 2603; baseline -0.004 -20"><span class='ocrx_word' id='word_1_239' title='bbox 314 2543 363 2583; x_wconf 87' lang='lat' dir='ltr'>res</span> <span class='ocrx_word' id='word_1_240' title='bbox 378 2525 531 2582; x_wconf 84' lang='lat' dir='ltr'>evidenter</span> <span class='ocrx_word' id='word_1_241' title='bbox 546 2524 626 2582; x_wconf 86' lang='lat' dir='ltr'>fictas</span> <span class='ocrx_word' id='word_1_242' title='bbox 642 2531 673 2582; x_wconf 90' lang='lat' dir='ltr'>et</span> <span class='ocrx_word' id='word_1_243' title='bbox 686 2523 780 2583; x_wconf 85' lang='lat' dir='ltr'>salsas.</span> <span class='ocrx_word' id='word_1_244' title='bbox 822 2527 945 2588; x_wconf 79' lang='lat' dir='ltr'>Fabulae</span> <span class='ocrx_word' id='word_1_245' title='bbox 959 2545 1033 2603; x_wconf 88' lang='lat' dir='ltr'>quae</span> <span class='ocrx_word' id='word_1_246' title='bbox 1048 2528 1086 2585; x_wconf 82' lang='lat' dir='ltr'>de</span> <span class='ocrx_word' id='word_1_247' title='bbox 1101 2544 1138 2585; x_wconf 89' lang='lat' dir='ltr'>eo</span> <span class='ocrx_word' id='word_1_248' title='bbox 1151 2528 1191 2584; x_wconf 92' lang='lat' dir='ltr'>ibi</span> <span class='ocrx_word' id='word_1_249' title='bbox 1204 2533 1359 2584; x_wconf 84' lang='lat' dir='ltr'>narrantur</span> <span class='ocrx_word' id='word_1_250' title='bbox 1370 2527 1422 2599; x_wconf 89' lang='lat' dir='ltr'>qui-</span> 
     </span>
     <span class='ocr_line' id='line_1_29' title="bbox 315 2606 1421 2682; baseline -0.005 -22"><span class='ocrx_word' id='word_1_251' title='bbox 315 2620 428 2679; x_wconf 90' lang='lat' dir='ltr'>cunque</span> <span class='ocrx_word' id='word_1_252' title='bbox 444 2620 623 2678; x_wconf 81' lang='lat' dir='ltr'>cognoscere</span> <span class='ocrx_word' id='word_1_253' title='bbox 639 2606 746 2679; x_wconf 86' lang='lat' dir='ltr'>cupiat,</span> <span class='ocrx_word' id='word_1_254' title='bbox 763 2623 832 2662; x_wconf 91' lang='lat' dir='ltr'>eum</span> <span class='ocrx_word' id='word_1_255' title='bbox 852 2606 888 2662; x_wconf 87' lang='lat' dir='ltr'>ad</span> <span class='ocrx_word' id='word_1_256' title='bbox 908 2609 1002 2682; x_wconf 88' lang='lat' dir='ltr'>ipsum</span> <span class='ocrx_word' id='word_1_257' title='bbox 1026 2624 1098 2682; x_wconf 88' lang='lat' dir='ltr'>opus</span> <span class='ocrx_word' id='word_1_258' title='bbox 1118 2606 1255 2682; x_wconf 79' lang='lat' dir='ltr'>relegare</span> <span class='ocrx_word' id='word_1_259' title='bbox 1271 2606 1364 2662; x_wconf 87' lang='lat' dir='ltr'>visum</span> <span class='ocrx_word' id='word_1_260' title='bbox 1376 2610 1421 2659; x_wconf 86' lang='lat' dir='ltr'>est.</span> 
     </span>
     <span class='ocr_line' id='line_1_30' title="bbox 315 2681 1423 2760; baseline -0.004 -20"><span class='ocrx_word' id='word_1_261' title='bbox 315 2681 384 2741; x_wconf 90' lang='lat' dir='ltr'>Nec</span> <span class='ocrx_word' id='word_1_262' title='bbox 396 2685 472 2758; x_wconf 78' lang='lat' dir='ltr'>‘quae</span> <span class='ocrx_word' id='word_1_263' title='bbox 498 2681 611 2740; x_wconf 73' lang='lat' dir='ltr'>devitat</span> <span class='ocrx_word' id='word_1_264' title='bbox 630 2683 819 2742; x_wconf 86' lang='lat' dir='ltr'>celeberrimi</span> <span class='ocrx_word' id='word_1_265' title='bbox 839 2683 926 2759; x_wconf 86' lang='lat' dir='ltr'>hujus</span> <span class='ocrx_word' id='word_1_266' title='bbox 941 2690 1048 2760; x_wconf 69' lang='lat' dir='ltr'>potitae</span> <span class='ocrx_word' id='word_1_267' title='bbox 1067 2687 1182 2760; x_wconf 85' lang='lat' dir='ltr'>scripsit</span> <span class='ocrx_word' id='word_1_268' title='bbox 1201 2683 1380 2755; x_wconf 84' lang='lat' dir='ltr'>Plutarchus,</span> <span class='ocrx_word' id='word_1_269' title='bbox 1396 2688 1423 2736; x_wconf 86' lang='lat' dir='ltr'>et</span> 
     </span>
     <span class='ocr_line' id='line_1_31' title="bbox 314 2759 1090 2838; baseline 0.004 -20"><span class='ocrx_word' id='word_1_270' title='bbox 314 2759 433 2837; x_wconf 86' lang='lat' dir='ltr'>quidam</span> <span class='ocrx_word' id='word_1_271' title='bbox 445 2760 505 2835; x_wconf 87' lang='lat' dir='ltr'>alii,</span> <span class='ocrx_word' id='word_1_272' title='bbox 520 2759 663 2838; x_wconf 87' lang='lat' dir='ltr'>majorem</span> <span class='ocrx_word' id='word_1_273' title='bbox 679 2761 766 2820; x_wconf 87' lang='lat' dir='ltr'>fidem</span> <span class='ocrx_word' id='word_1_274' title='bbox 782 2763 915 2820; x_wconf 87' lang='lat' dir='ltr'>obtinere</span> <span class='ocrx_word' id='word_1_275' title='bbox 931 2771 1090 2821; x_wconf 88' lang='lat' dir='ltr'>merentur.</span> 
     </span>
    </p>

    <p class='ocr_par' dir='ltr' id='par_1_5' title="bbox 314 2839 1421 3394">
     <span class='ocr_line' id='line_1_32' title="bbox 353 2839 1420 2918; baseline 0 -22"><span class='ocrx_word' id='word_1_276' title='bbox 353 2839 450 2912; x_wconf 75' lang='lat' dir='ltr'>Quini</span> <span class='ocrx_word' id='word_1_277' title='bbox 465 2840 549 2916; x_wconf 75' lang='lat' dir='ltr'>longe</span> <span class='ocrx_word' id='word_1_278' title='bbox 566 2839 581 2896; x_wconf 77' lang='lat' dir='ltr'>ri</span> <span class='ocrx_word' id='word_1_279' title='bbox 595 2839 666 2898; x_wconf 89' lang='lat' dir='ltr'>belli</span> <span class='ocrx_word' id='word_1_280' title='bbox 680 2841 805 2917; x_wconf 80' lang='lat' dir='ltr'>Trojani</span> <span class='ocrx_word' id='word_1_281' title='bbox 821 2843 1001 2918; x_wconf 86' lang='lat' dir='ltr'>temporibus</span> <span class='ocrx_word' id='word_1_282' title='bbox 1014 2853 1144 2900; x_wconf 89' lang='lat' dir='ltr'>remotus</span> <span class='ocrx_word' id='word_1_283' title='bbox 1158 2841 1306 2900; x_wconf 77' lang='lat' dir='ltr'>Homeros</span> <span class='ocrx_word' id='word_1_284' title='bbox 1316 2841 1420 2910; x_wconf 76' lang='lat' dir='ltr'>vixerit,</span> 
     </span>
     <span class='ocr_line' id='line_1_33' title="bbox 314 2919 1420 2996; baseline -0.002 -19"><span class='ocrx_word' id='word_1_285' title='bbox 314 2937 352 2978; x_wconf 90' lang='lat' dir='ltr'>ne</span> <span class='ocrx_word' id='word_1_286' title='bbox 368 2919 398 2976; x_wconf 91' lang='lat' dir='ltr'>id</span> <span class='ocrx_word' id='word_1_287' title='bbox 412 2919 528 2996; x_wconf 90' lang='lat' dir='ltr'>quidem</span> <span class='ocrx_word' id='word_1_288' title='bbox 544 2922 622 2990; x_wconf 75' lang='lat' dir='ltr'>ister</span> <span class='ocrx_word' id='word_1_289' title='bbox 635 2919 766 2977; x_wconf 88' lang='lat' dir='ltr'>eruditos</span> <span class='ocrx_word' id='word_1_290' title='bbox 780 2925 926 2978; x_wconf 83' lang='lat' dir='ltr'>convenit.</span> <span class='ocrx_word' id='word_1_291' title='bbox 968 2922 1133 2980; x_wconf 84' lang='lat' dir='ltr'>Secundum</span> <span class='ocrx_word' id='word_1_292' title='bbox 1154 2924 1279 2996; x_wconf 88' lang='lat' dir='ltr'>optimos</span> <span class='ocrx_word' id='word_1_293' title='bbox 1299 2925 1420 2978; x_wconf 86' lang='lat' dir='ltr'>auctores</span> 
     </span>
     <span class='ocr_line' id='line_1_34' title="bbox 315 2995 1419 3076; baseline -0.001 -22"><span class='ocrx_word' id='word_1_294' title='bbox 315 2997 410 3073; x_wconf 80' lang='lat' dir='ltr'>Troja</span> <span class='ocrx_word' id='word_1_295' title='bbox 423 3003 510 3072; x_wconf 86' lang='lat' dir='ltr'>capta</span> <span class='ocrx_word' id='word_1_296' title='bbox 524 2995 579 3056; x_wconf 87' lang='lat' dir='ltr'>suit</span> <span class='ocrx_word' id='word_1_297' title='bbox 602 2999 635 3055; x_wconf 75' lang='lat' dir='ltr'>A.</span> <span class='ocrx_word' id='word_1_298' title='bbox 657 2997 697 3054; x_wconf 86' lang='lat' dir='ltr'>hl.</span> <span class='ocrx_word' id='word_1_299' title='bbox 723 3001 818 3071; x_wconf 68' lang='lat'>28203</span> <span class='ocrx_word' id='word_1_300' title='bbox 840 3007 907 3057; x_wconf 83' lang='lat' dir='ltr'>ante</span> <span class='ocrx_word' id='word_1_301' title='bbox 931 3004 1056 3075; x_wconf 84' lang='lat' dir='ltr'>primam</span> <span class='ocrx_word' id='word_1_302' title='bbox 1080 3000 1245 3076; x_wconf 80' lang='lat' dir='ltr'>Olympied.</span> <span class='ocrx_word' id='word_1_303' title='bbox 1269 3003 1344 3066; x_wconf 75' lang='lat'>4083</span> <span class='ocrx_word' id='word_1_304' title='bbox 1364 3003 1419 3052; x_wconf 84' lang='lat' dir='ltr'>ante</span> 
     </span>
     <span class='ocr_line' id='line_1_35' title="bbox 316 3075 1421 3152; baseline 0 -19"><span class='ocrx_word' id='word_1_305' title='bbox 316 3075 387 3133; x_wconf 88' lang='lat' dir='ltr'>Chr.</span> <span class='ocrx_word' id='word_1_306' title='bbox 403 3076 443 3133; x_wconf 85' lang='grc' dir='ltr'>Ν.</span> <span class='ocrx_word' id='word_1_307' title='bbox 463 3076 559 3152; x_wconf 70' lang='lat' dir='ltr'>¹¹84ll</span> <span class='ocrx_word' id='word_1_308' title='bbox 601 3076 731 3134; x_wconf 85' lang='lat' dir='ltr'>Marmor</span> <span class='ocrx_word' id='word_1_309' title='bbox 746 3085 844 3135; x_wconf 88' lang='lat' dir='ltr'>autem</span> <span class='ocrx_word' id='word_1_310' title='bbox 860 3080 1087 3136; x_wconf 80' lang='lat' dir='ltr'>Arundelianum</span> <span class='ocrx_word' id='word_1_311' title='bbox 1102 3096 1201 3136; x_wconf 82' lang='lat' dir='ltr'>casum</span> <span class='ocrx_word' id='word_1_312' title='bbox 1215 3079 1293 3134; x_wconf 88' lang='lat' dir='ltr'>bunc</span> <span class='ocrx_word' id='word_1_313' title='bbox 1305 3083 1343 3134; x_wconf 72' lang='lat'>25</span> <span class='ocrx_word' id='word_1_314' title='bbox 1353 3076 1421 3132; x_wconf 72' lang='lat' dir='ltr'>anuh</span> 
     </span>
     <span class='ocr_line' id='line_1_36' title="bbox 315 3151 1420 3232; baseline -0.002 -22"><span class='ocrx_word' id='word_1_315' title='bbox 315 3157 398 3230; x_wconf 91' lang='lat' dir='ltr'>ponit</span> <span class='ocrx_word' id='word_1_316' title='bbox 412 3152 505 3227; x_wconf 78' lang='lat' dir='ltr'>altius,</span> <span class='ocrx_word' id='word_1_317' title='bbox 520 3171 627 3229; x_wconf 91' lang='lat' dir='ltr'>nempe</span> <span class='ocrx_word' id='word_1_318' title='bbox 644 3163 710 3212; x_wconf 85' lang='lat' dir='ltr'>ante</span> <span class='ocrx_word' id='word_1_319' title='bbox 726 3160 813 3230; x_wconf 87' lang='lat' dir='ltr'>prim.</span> <span class='ocrx_word' id='word_1_320' title='bbox 828 3157 946 3232; x_wconf 87' lang='lat' dir='ltr'>Olymp.</span> <span class='ocrx_word' id='word_1_321' title='bbox 962 3161 1039 3229; x_wconf 76' lang='lat'>4333</span> <span class='ocrx_word' id='word_1_322' title='bbox 1060 3158 1117 3214; x_wconf 92' lang='lat' dir='ltr'>hoc</span> <span class='ocrx_word' id='word_1_323' title='bbox 1138 3163 1193 3230; x_wconf 91' lang='lat' dir='ltr'>est,</span> <span class='ocrx_word' id='word_1_324' title='bbox 1211 3162 1279 3214; x_wconf 88' lang='lat' dir='ltr'>ante</span> <span class='ocrx_word' id='word_1_325' title='bbox 1299 3155 1367 3212; x_wconf 87' lang='lat' dir='ltr'>Chr.</span> <span class='ocrx_word' id='word_1_326' title='bbox 1388 3151 1420 3208; x_wconf 78' lang='lat' dir='ltr'>N.</span> 
     </span>
     <span class='ocr_line' id='line_1_37' title="bbox 317 3227 1420 3310; baseline -0.001 -20"><span class='ocrx_word' id='word_1_327' title='bbox 317 3237 402 3290; x_wconf 75' lang='lat'>1209.</span> <span class='ocrx_word' id='word_1_328' title='bbox 444 3233 500 3290; x_wconf 80' lang='lat' dir='ltr'>Vir</span> <span class='ocrx_word' id='word_1_329' title='bbox 514 3233 589 3290; x_wconf 88' lang='lat' dir='ltr'>ullus</span> <span class='ocrx_word' id='word_1_330' title='bbox 604 3241 649 3290; x_wconf 87' lang='lat' dir='ltr'>est</span> <span class='ocrx_word' id='word_1_331' title='bbox 662 3237 797 3310; x_wconf 85' lang='lat' dir='ltr'>scriptor,</span> <span class='ocrx_word' id='word_1_332' title='bbox 813 3240 861 3310; x_wconf 90' lang='lat' dir='ltr'>qui</span> <span class='ocrx_word' id='word_1_333' title='bbox 877 3237 1025 3295; x_wconf 90' lang='lat' dir='ltr'>hominem</span> <span class='ocrx_word' id='word_1_334' title='bbox 1040 3235 1170 3293; x_wconf 89' lang='lat' dir='ltr'>floruisse</span> <span class='ocrx_word' id='word_1_335' title='bbox 1184 3239 1286 3292; x_wconf 78' lang='lat' dir='ltr'>statuit</span> <span class='ocrx_word' id='word_1_336' title='bbox 1299 3227 1420 3310; x_wconf 72' lang='lat' dir='ltr'>proprius</span> 
     </span>
     <span class='ocr_line' id='line_1_38' title="bbox 317 3307 1420 3394; baseline 0 -28"><span class='ocrx_word' id='word_1_337' title='bbox 317 3311 352 3368; x_wconf 84' lang='lat' dir='ltr'>ad</span> <span class='ocrx_word' id='word_1_338' title='bbox 367 3309 479 3386; x_wconf 86' lang='lat' dir='ltr'>Trojae</span> <span class='ocrx_word' id='word_1_339' title='bbox 496 3313 643 3370; x_wconf 86' lang='lat' dir='ltr'>excidium</span> <span class='ocrx_word' id='word_1_340' title='bbox 657 3313 742 3388; x_wconf 74' lang='lat' dir='ltr'>quim</span> <span class='ocrx_word' id='word_1_341' title='bbox 757 3318 839 3370; x_wconf 83' lang='lat' dir='ltr'>annis</span> <span class='ocrx_word' id='word_1_342' title='bbox 853 3317 1061 3392; x_wconf 83' lang='lat' dir='ltr'>quinquaginta</span> <span class='ocrx_word' id='word_1_343' title='bbox 1071 3313 1097 3394; x_wconf 66' lang='lat' dir='ltr'>3q</span> <span class='ocrx_word' id='word_1_344' title='bbox 1119 3317 1151 3394; x_wconf 93' lang='lat' dir='ltr'>[i.</span> <span class='ocrx_word' id='word_1_345' title='bbox 1174 3331 1201 3371; x_wconf 89' lang='lat' dir='ltr'>e.</span> <span class='ocrx_word' id='word_1_346' title='bbox 1216 3319 1284 3371; x_wconf 89' lang='lat' dir='ltr'>ante</span> <span class='ocrx_word' id='word_1_347' title='bbox 1300 3313 1369 3370; x_wconf 86' lang='lat' dir='ltr'>Chr.</span> <span class='ocrx_word' id='word_1_348' title='bbox 1388 3307 1420 3366; x_wconf 83' lang='lat' dir='ltr'>N·</span> 
     </span>
    </p>
   </div>
   <div class='ocr_carea' id='block_1_3' title="bbox 342 3403 1039 3480">
    <p class='ocr_par' dir='ltr' id='par_1_6' title="bbox 342 3403 1039 3480">
     <span class='ocr_line' id='line_1_39' title="bbox 342 3403 1039 3480; baseline 0.01 -19"><span class='ocrx_word' id='word_1_349' title='bbox 342 3413 431 3462; x_wconf 83' lang='lat' dir='ltr'>*Vide</span> <span class='ocrx_word' id='word_1_350' title='bbox 443 3412 491 3463; x_wconf 79' lang='lat' dir='ltr'>Les</span> <span class='ocrx_word' id='word_1_351' title='bbox 508 3403 618 3478; x_wconf 71' lang='lat' dir='ltr'>l&#39;oyagcr</span> <span class='ocrx_word' id='word_1_352' title='bbox 629 3415 746 3480; x_wconf 80' lang='lat' dir='ltr'>dujeune</span> <span class='ocrx_word' id='word_1_353' title='bbox 758 3415 926 3466; x_wconf 63' lang='lat' dir='ltr'>Anacharsis.</span> <span class='ocrx_word' id='word_1_354' title='bbox 945 3417 1039 3468; x_wconf 85' lang='lat' dir='ltr'>lntrod.</span> 
     </span>
    </p>
   </div>
   <div class='ocr_carea' id='block_1_4' title="bbox 317 3499 1425 4027">
    <p class='ocr_par' dir='ltr' id='par_1_7' title="bbox 317 3499 1425 4027">
     <span class='ocr_line' id='line_1_40' title="bbox 351 3499 1423 3572; baseline 0 -26"><span class='ocrx_word' id='word_1_355' title='bbox 351 3499 364 3546; x_wconf 85' lang='lat' dir='ltr'>t</span> <span class='ocrx_word' id='word_1_356' title='bbox 376 3499 403 3549; x_wconf 87' lang='lat' dir='ltr'>ln</span> <span class='ocrx_word' id='word_1_357' title='bbox 418 3502 462 3550; x_wconf 89' lang='lat' dir='ltr'>iilo</span> <span class='ocrx_word' id='word_1_358' title='bbox 475 3503 509 3552; x_wconf 85' lang='lat' dir='ltr'>ad</span> <span class='ocrx_word' id='word_1_359' title='bbox 521 3503 665 3566; x_wconf 77' lang='lat' dir='ltr'>Apollinem</span> <span class='ocrx_word' id='word_1_360' title='bbox 676 3505 779 3566; x_wconf 85' lang='lat' dir='ltr'>hymno,</span> <span class='ocrx_word' id='word_1_361' title='bbox 790 3504 836 3564; x_wconf 91' lang='lat' dir='ltr'>qui</span> <span class='ocrx_word' id='word_1_362' title='bbox 847 3502 958 3551; x_wconf 88' lang='lat' dir='ltr'>Homero</span> <span class='ocrx_word' id='word_1_363' title='bbox 969 3503 1048 3568; x_wconf 79' lang='lat' dir='ltr'>vulgd</span> <span class='ocrx_word' id='word_1_364' title='bbox 1059 3503 1219 3565; x_wconf 79' lang='lat' dir='ltr'>adscribitur,</span> <span class='ocrx_word' id='word_1_365' title='bbox 1230 3507 1321 3552; x_wconf 86' lang='lat' dir='ltr'>auctor</span> <span class='ocrx_word' id='word_1_366' title='bbox 1331 3500 1423 3572; x_wconf 79' lang='lat' dir='ltr'>quidem</span> 
     </span>
     <span class='ocr_line' id='line_1_41' title="bbox 318 3567 1423 3632; baseline 0.001 -17"><span class='ocrx_word' id='word_1_367' title='bbox 318 3567 349 3616; x_wconf 92' lang='lat' dir='ltr'>de</span> <span class='ocrx_word' id='word_1_368' title='bbox 362 3571 554 3617; x_wconf 79' lang='lat' dir='ltr'>remeationem</span> <span class='ocrx_word' id='word_1_369' title='bbox 567 3569 682 3626; x_wconf 64' lang='lat' dir='ltr'>iuducitr</span> <span class='ocrx_word' id='word_1_370' title='bbox 701 3584 767 3618; x_wconf 83' lang='lat' dir='ltr'>rora.</span> <span class='ocrx_word' id='word_1_371' title='bbox 782 3571 929 3627; x_wconf 62' lang='lat' dir='ltr'>tos-1765</span> <span class='ocrx_word' id='word_1_372' title='bbox 946 3572 1016 3620; x_wconf 90' lang='lat' dir='ltr'>unde</span> <span class='ocrx_word' id='word_1_373' title='bbox 1036 3575 1145 3632; x_wconf 85' lang='lat' dir='ltr'>apparet</span> <span class='ocrx_word' id='word_1_374' title='bbox 1159 3583 1220 3618; x_wconf 85' lang='lat' dir='ltr'>eum</span> <span class='ocrx_word' id='word_1_375' title='bbox 1235 3573 1300 3618; x_wconf 89' lang='lat' dir='ltr'>tunc</span> <span class='ocrx_word' id='word_1_376' title='bbox 1318 3573 1423 3629; x_wconf 75' lang='lat' dir='ltr'>tenpms</span> 
     </span>
     <span class='ocr_line' id='line_1_42' title="bbox 317 3628 1423 3698; baseline 0.001 -16"><span class='ocrx_word' id='word_1_377' title='bbox 317 3633 392 3684; x_wconf 79' lang='lat' dir='ltr'>tuisse</span> <span class='ocrx_word' id='word_1_378' title='bbox 405 3635 431 3683; x_wconf 90' lang='lat' dir='ltr'>in</span> <span class='ocrx_word' id='word_1_379' title='bbox 443 3635 526 3684; x_wconf 77' lang='lat' dir='ltr'>insulis</span> <span class='ocrx_word' id='word_1_380' title='bbox 538 3633 613 3698; x_wconf 84' lang='lat' dir='ltr'>Delo,</span> <span class='ocrx_word' id='word_1_381' title='bbox 626 3635 784 3684; x_wconf 88' lang='lat' dir='ltr'>domicilium</span> <span class='ocrx_word' id='word_1_382' title='bbox 796 3640 884 3684; x_wconf 84' lang='lat' dir='ltr'>autem</span> <span class='ocrx_word' id='word_1_383' title='bbox 894 3636 1013 3684; x_wconf 82' lang='lat' dir='ltr'>hahuisse</span> <span class='ocrx_word' id='word_1_384' title='bbox 1026 3635 1051 3684; x_wconf 91' lang='lat' dir='ltr'>in</span> <span class='ocrx_word' id='word_1_385' title='bbox 1063 3635 1139 3696; x_wconf 86' lang='lat' dir='ltr'>Chio,</span> <span class='ocrx_word' id='word_1_386' title='bbox 1148 3640 1292 3684; x_wconf 69' lang='lat' dir='ltr'>simaeum</span> <span class='ocrx_word' id='word_1_387' title='bbox 1303 3649 1364 3684; x_wconf 80' lang='lat' dir='ltr'>ssss.</span> <span class='ocrx_word' id='word_1_388' title='bbox 1380 3628 1423 3677; x_wconf 71' lang='lat' dir='ltr'>Sed</span> 
     </span>
     <span class='ocr_line' id='line_1_43' title="bbox 318 3695 1425 3758; baseline -0.005 -8"><span class='ocrx_word' id='word_1_389' title='bbox 318 3715 351 3750; x_wconf 84' lang='lat' dir='ltr'>an</span> <span class='ocrx_word' id='word_1_390' title='bbox 361 3703 411 3750; x_wconf 88' lang='lat' dir='ltr'>hoc</span> <span class='ocrx_word' id='word_1_391' title='bbox 422 3715 523 3750; x_wconf 82' lang='lat' dir='ltr'>carmen</span> <span class='ocrx_word' id='word_1_392' title='bbox 535 3717 562 3749; x_wconf 89' lang='lat' dir='ltr'>re</span> <span class='ocrx_word' id='word_1_393' title='bbox 575 3701 636 3750; x_wconf 71' lang='lat' dir='ltr'>veri</span> <span class='ocrx_word' id='word_1_394' title='bbox 648 3701 679 3750; x_wconf 87' lang='lat' dir='ltr'>sit</span> <span class='ocrx_word' id='word_1_395' title='bbox 691 3701 797 3749; x_wconf 84' lang='lat' dir='ltr'>Homeri</span> <span class='ocrx_word' id='word_1_396' title='bbox 807 3716 858 3749; x_wconf 90' lang='lat' dir='ltr'>non</span> <span class='ocrx_word' id='word_1_397' title='bbox 869 3702 991 3751; x_wconf 84' lang='lat' dir='ltr'>convenit</span> <span class='ocrx_word' id='word_1_398' title='bbox 1001 3702 1067 3751; x_wconf 86' lang='lat' dir='ltr'>lator</span> <span class='ocrx_word' id='word_1_399' title='bbox 1084 3701 1180 3750; x_wconf 90' lang='lat' dir='ltr'>doctos.</span> <span class='ocrx_word' id='word_1_400' title='bbox 1215 3700 1327 3758; x_wconf 78' lang='lat' dir='ltr'>Quidam</span> <span class='ocrx_word' id='word_1_401' title='bbox 1344 3699 1371 3748; x_wconf 84' lang='lat' dir='ltr'>id</span> <span class='ocrx_word' id='word_1_402' title='bbox 1386 3695 1425 3744; x_wconf 84' lang='lat' dir='ltr'>ad·</span> 
     </span>
     <span class='ocr_line' id='line_1_44' title="bbox 318 3761 1423 3830; baseline -0.004 -16"><span class='ocrx_word' id='word_1_403' title='bbox 318 3767 431 3818; x_wconf 88' lang='lat' dir='ltr'>scribunt</span> <span class='ocrx_word' id='word_1_404' title='bbox 442 3769 545 3816; x_wconf 87' lang='lat' dir='ltr'>cuidam</span> <span class='ocrx_word' id='word_1_405' title='bbox 557 3765 700 3830; x_wconf 85' lang='lat' dir='ltr'>Cynaetho,</span> <span class='ocrx_word' id='word_1_406' title='bbox 712 3765 757 3830; x_wconf 88' lang='lat' dir='ltr'>qui</span> <span class='ocrx_word' id='word_1_407' title='bbox 768 3765 848 3816; x_wconf 82' lang='lat' dir='ltr'>Chius</span> <span class='ocrx_word' id='word_1_408' title='bbox 859 3772 917 3818; x_wconf 87' lang='lat' dir='ltr'>erat</span> <span class='ocrx_word' id='word_1_409' title='bbox 931 3771 959 3816; x_wconf 87' lang='lat' dir='ltr'>et</span> <span class='ocrx_word' id='word_1_410' title='bbox 977 3767 1131 3829; x_wconf 84' lang='lat' dir='ltr'>Rhapsodus</span> <span class='ocrx_word' id='word_1_411' title='bbox 1141 3768 1183 3816; x_wconf 82' lang='lat' dir='ltr'>vsi</span> <span class='ocrx_word' id='word_1_412' title='bbox 1202 3765 1366 3826; x_wconf 82' lang='lat' dir='ltr'>Homeristas,</span> <span class='ocrx_word' id='word_1_413' title='bbox 1376 3761 1392 3810; x_wconf 84' lang='lat' dir='ltr'>i.</span> <span class='ocrx_word' id='word_1_414' title='bbox 1402 3775 1423 3806; x_wconf 81' lang='lat' dir='ltr'>s·</span> 
     </span>
     <span class='ocr_line' id='line_1_45' title="bbox 318 3829 1424 3896; baseline -0.004 -13"><span class='ocrx_word' id='word_1_415' title='bbox 318 3833 441 3884; x_wconf 86' lang='lat' dir='ltr'>Cantator</span> <span class='ocrx_word' id='word_1_416' title='bbox 453 3833 592 3881; x_wconf 84' lang='lat' dir='ltr'>carminum</span> <span class='ocrx_word' id='word_1_417' title='bbox 604 3831 723 3891; x_wconf 81' lang='lat' dir='ltr'>llomeri;</span> <span class='ocrx_word' id='word_1_418' title='bbox 742 3848 849 3894; x_wconf 90' lang='lat' dir='ltr'>quorum</span> <span class='ocrx_word' id='word_1_419' title='bbox 860 3847 966 3896; x_wconf 70' lang='lat' dir='ltr'>magnus</span> <span class='ocrx_word' id='word_1_420' title='bbox 977 3838 1033 3882; x_wconf 84' lang='lat' dir='ltr'>erat</span> <span class='ocrx_word' id='word_1_421' title='bbox 1043 3847 1171 3895; x_wconf 82' lang='lat' dir='ltr'>numerus,</span> <span class='ocrx_word' id='word_1_422' title='bbox 1182 3832 1227 3894; x_wconf 88' lang='lat' dir='ltr'>qni</span> <span class='ocrx_word' id='word_1_423' title='bbox 1237 3848 1285 3895; x_wconf 88' lang='lat' dir='ltr'>per</span> <span class='ocrx_word' id='word_1_424' title='bbox 1299 3829 1424 3881; x_wconf 73' lang='lat' dir='ltr'>Graeciam</span> 
     </span>
     <span class='ocr_line' id='line_1_46' title="bbox 317 3895 1424 3961; baseline -0.004 -13"><span class='ocrx_word' id='word_1_425' title='bbox 317 3901 378 3950; x_wconf 86' lang='lat' dir='ltr'>otim</span> <span class='ocrx_word' id='word_1_426' title='bbox 390 3900 517 3948; x_wconf 83' lang='lat' dir='ltr'>errabant.</span> <span class='ocrx_word' id='word_1_427' title='bbox 552 3897 593 3946; x_wconf 94' lang='lat' dir='ltr'>De</span> <span class='ocrx_word' id='word_1_428' title='bbox 605 3899 695 3960; x_wconf 87' lang='lat' dir='ltr'>quibus</span> <span class='ocrx_word' id='word_1_429' title='bbox 706 3899 767 3948; x_wconf 80' lang='lat' dir='ltr'>ride</span> <span class='ocrx_word' id='word_1_430' title='bbox 778 3899 841 3947; x_wconf 78' lang='lat' dir='ltr'>Feb.</span> <span class='ocrx_word' id='word_1_431' title='bbox 856 3898 910 3948; x_wconf 89' lang='lat' dir='ltr'>Bib.</span> <span class='ocrx_word' id='word_1_432' title='bbox 923 3897 971 3948; x_wconf 85' lang='lat' dir='ltr'>Gr.</span> <span class='ocrx_word' id='word_1_433' title='bbox 982 3897 1040 3948; x_wconf 91' lang='lat' dir='ltr'>Vol.</span> <span class='ocrx_word' id='word_1_434' title='bbox 1053 3896 1070 3946; x_wconf 89' lang='lat' dir='ltr'>i.</span> <span class='ocrx_word' id='word_1_435' title='bbox 1082 3913 1109 3961; x_wconf 92' lang='lat' dir='ltr'>p.</span> <span class='ocrx_word' id='word_1_436' title='bbox 1121 3899 1178 3948; x_wconf 79' lang='grc'><strong>369.</strong></span> <span class='ocrx_word' id='word_1_437' title='bbox 1191 3913 1245 3960; x_wconf 91' lang='lat' dir='ltr'>sqq.</span> <span class='ocrx_word' id='word_1_438' title='bbox 1259 3897 1322 3947; x_wconf 78' lang='lat' dir='ltr'>edit.</span> <span class='ocrx_word' id='word_1_439' title='bbox 1332 3895 1424 3946; x_wconf 72' lang='lat' dir='ltr'>liures</span> 
     </span>
     <span class='ocr_line' id='line_1_47' title="bbox 318 3957 1418 4027; baseline -0.004 -13"><span class='ocrx_word' id='word_1_440' title='bbox 318 3965 332 3995; x_wconf 82' lang='lat'>‘¹</span> <span class='ocrx_word' id='word_1_441' title='bbox 340 3964 505 4026; x_wconf 75' lang='lat' dir='ltr'>&#39;l‘hucydides</span> <span class='ocrx_word' id='word_1_442' title='bbox 517 3961 628 4011; x_wconf 86' lang='lat' dir='ltr'>Homero</span> <span class='ocrx_word' id='word_1_443' title='bbox 638 3965 763 4026; x_wconf 86' lang='lat' dir='ltr'>hymnum</span> <span class='ocrx_word' id='word_1_444' title='bbox 775 3964 905 4027; x_wconf 84' lang='lat' dir='ltr'>adscribit,</span> <span class='ocrx_word' id='word_1_445' title='bbox 916 3970 944 4012; x_wconf 86' lang='lat' dir='ltr'>et</span> <span class='ocrx_word' id='word_1_446' title='bbox 951 3965 997 4013; x_wconf 87' lang='lat' dir='ltr'>hos</span> <span class='ocrx_word' id='word_1_447' title='bbox 1007 3979 1096 4014; x_wconf 82' lang='lat' dir='ltr'>varrus</span> <span class='ocrx_word' id='word_1_448' title='bbox 1106 3963 1208 4027; x_wconf 83' lang='lat' dir='ltr'>repetit.</span> <span class='ocrx_word' id='word_1_449' title='bbox 1226 3963 1258 4014; x_wconf 83' lang='lat' dir='ltr'>L.</span> <span class='ocrx_word' id='word_1_450' title='bbox 1271 3961 1316 4014; x_wconf 85' lang='lat'>111.</span> <span class='ocrx_word' id='word_1_451' title='bbox 1329 3962 1383 4011; x_wconf 84' lang='lat' dir='ltr'>lut.</span> <span class='ocrx_word' id='word_1_452' title='bbox 1395 3957 1418 4006; x_wconf 84' lang='lat' dir='ltr'>P·</span> 
     </span>
    </p>
   </div>
   <div class='ocr_carea' id='block_1_5' title="bbox 353 4039 1426 4115">
    <p class='ocr_par' dir='ltr' id='par_1_8' title="bbox 353 4039 1426 4115">
     <span class='ocr_line' id='line_1_48' title="bbox 353 4039 1426 4115; baseline -0.001 -18"><span class='ocrx_word' id='word_1_453' title='bbox 353 4049 441 4115; x_wconf 68' lang='lat' dir='ltr'>ssVide</span> <span class='ocrx_word' id='word_1_454' title='bbox 453 4047 566 4096; x_wconf 84' lang='lat' dir='ltr'>Gisberti</span> <span class='ocrx_word' id='word_1_455' title='bbox 578 4047 673 4112; x_wconf 87' lang='lat' dir='ltr'>Cuperi</span> <span class='ocrx_word' id='word_1_456' title='bbox 684 4050 902 4113; x_wconf 86' lang='lat' dir='ltr'>commentarium,</span> <span class='ocrx_word' id='word_1_457' title='bbox 916 4050 995 4098; x_wconf 76' lang='lat' dir='ltr'>Amst.</span> <span class='ocrx_word' id='word_1_458' title='bbox 1010 4048 1082 4099; x_wconf 79' lang='lat'>1683.</span> <span class='ocrx_word' id='word_1_459' title='bbox 1095 4051 1148 4098; x_wconf 81' lang='lat' dir='ltr'>sto.</span> <span class='ocrx_word' id='word_1_460' title='bbox 1160 4054 1188 4098; x_wconf 86' lang='lat' dir='ltr'>et</span> <span class='ocrx_word' id='word_1_461' title='bbox 1204 4047 1245 4098; x_wconf 84' lang='lat' dir='ltr'>Jo.</span> <span class='ocrx_word' id='word_1_462' title='bbox 1263 4049 1323 4100; x_wconf 80' lang='lat' dir='ltr'>Car.</span> <span class='ocrx_word' id='word_1_463' title='bbox 1338 4039 1426 4096; x_wconf 76' lang='lat' dir='ltr'>schotti</span> 
     </span>
    </p>
   </div>
   <div class='ocr_carea' id='block_1_6' title="bbox 318 4109 1425 4243">
    <p class='ocr_par' dir='ltr' id='par_1_9' title="bbox 318 4109 1425 4243">
     <span class='ocr_line' id='line_1_49' title="bbox 320 4109 1425 4180; baseline -0.005 -15"><span class='ocrx_word' id='word_1_464' title='bbox 320 4127 413 4166; x_wconf 82' lang='lat' dir='ltr'>novam</span> <span class='ocrx_word' id='word_1_465' title='bbox 425 4113 632 4176; x_wconf 82' lang='lat' dir='ltr'>explanationem</span> <span class='ocrx_word' id='word_1_466' title='bbox 650 4113 803 4166; x_wconf 88' lang='lat' dir='ltr'>Homericae</span> <span class='ocrx_word' id='word_1_467' title='bbox 819 4116 970 4179; x_wconf 88' lang='lat' dir='ltr'>apotheosis.</span> <span class='ocrx_word' id='word_1_468' title='bbox 998 4113 1079 4164; x_wconf 79' lang='lat' dir='ltr'>Extat</span> <span class='ocrx_word' id='word_1_469' title='bbox 1097 4115 1124 4164; x_wconf 89' lang='lat' dir='ltr'>in</span> <span class='ocrx_word' id='word_1_470' title='bbox 1142 4113 1336 4180; x_wconf 87' lang='lat' dir='ltr'>Poleni·Suppl.</span> <span class='ocrx_word' id='word_1_471' title='bbox 1354 4109 1425 4159; x_wconf 72' lang='lat' dir='ltr'>mer·</span> 
     </span>
     <span class='ocr_line' id='line_1_50' title="bbox 318 4178 776 4243; baseline -0.007 -11"><span class='ocrx_word' id='word_1_472' title='bbox 318 4183 405 4243; x_wconf 83' lang='lat' dir='ltr'>Antiq.</span> <span class='ocrx_word' id='word_1_473' title='bbox 414 4178 460 4229; x_wconf 88' lang='lat' dir='ltr'>Gr.</span> <span class='ocrx_word' id='word_1_474' title='bbox 473 4180 522 4229; x_wconf 74' lang='lat' dir='ltr'>bac.</span> <span class='ocrx_word' id='word_1_475' title='bbox 551 4179 608 4228; x_wconf 90' lang='lat' dir='ltr'>Vol.</span> <span class='ocrx_word' id='word_1_476' title='bbox 622 4179 647 4228; x_wconf 83' lang='lat' dir='ltr'>ir.</span> <span class='ocrx_word' id='word_1_477' title='bbox 660 4180 708 4236; x_wconf 85' lang='lat' dir='ltr'>col.</span> <span class='ocrx_word' id='word_1_478' title='bbox 719 4181 776 4232; x_wconf 64' lang='grc' dir='ltr'>Μ,</span> 
     </span>
    </p>
   </div>
   <div class='ocr_carea' id='block_1_7' title="bbox 346 4262 940 4333">
    <p class='ocr_par' dir='ltr' id='par_1_10' title="bbox 346 4262 940 4333">
     <span class='ocr_line' id='line_1_51' title="bbox 346 4262 940 4333; baseline 0.008 -21"><span class='ocrx_word' id='word_1_479' title='bbox 346 4264 432 4333; x_wconf 59' lang='lat' dir='ltr'>uvida</span> <span class='ocrx_word' id='word_1_480' title='bbox 445 4263 541 4327; x_wconf 81' lang='lat' dir='ltr'>Heynii</span> <span class='ocrx_word' id='word_1_481' title='bbox 551 4262 658 4314; x_wconf 71' lang='lat' dir='ltr'>Excurn</span> <span class='ocrx_word' id='word_1_482' title='bbox 672 4266 697 4314; x_wconf 91' lang='lat' dir='ltr'>ii.</span> <span class='ocrx_word' id='word_1_483' title='bbox 710 4267 744 4316; x_wconf 84' lang='lat' dir='ltr'>ed</span> <span class='ocrx_word' id='word_1_484' title='bbox 755 4267 820 4317; x_wconf 80' lang='lat' dir='ltr'>Aen.</span> <span class='ocrx_word' id='word_1_485' title='bbox 834 4267 891 4318; x_wconf 77' lang='lat' dir='ltr'>Lib.</span> <span class='ocrx_word' id='word_1_486' title='bbox 904 4268 940 4317; x_wconf 88' lang='lat' dir='ltr'>iii.</span> 
     </span>
    </p>
   </div>
   <div class='ocr_carea' id='block_1_8' title="bbox 321 4349 1425 4483">
    <p class='ocr_par' dir='ltr' id='par_1_11' title="bbox 321 4349 1425 4483">
     <span class='ocr_line' id='line_1_52' title="bbox 355 4349 1425 4420; baseline 0 -18"><span class='ocrx_word' id='word_1_487' title='bbox 355 4350 439 4402; x_wconf 87' lang='lat' dir='ltr'>lVide</span> <span class='ocrx_word' id='word_1_488' title='bbox 451 4349 532 4412; x_wconf 78' lang='lat' dir='ltr'>Esray</span> <span class='ocrx_word' id='word_1_489' title='bbox 540 4365 573 4399; x_wconf 80' lang='lat' dir='ltr'>on</span> <span class='ocrx_word' id='word_1_490' title='bbox 584 4350 624 4401; x_wconf 81' lang='lat' dir='ltr'>ibe</span> <span class='ocrx_word' id='word_1_491' title='bbox 635 4351 734 4401; x_wconf 74' lang='lat' dir='ltr'>Certim</span> <span class='ocrx_word' id='word_1_492' title='bbox 741 4354 793 4404; x_wconf 79' lang='lat' dir='ltr'>arrd</span> <span class='ocrx_word' id='word_1_493' title='bbox 808 4352 931 4420; x_wconf 66' lang='lat' dir='ltr'>Wsita&#39;ngs</span> <span class='ocrx_word' id='word_1_494' title='bbox 942 4355 973 4419; x_wconf 84' lang='lat' dir='ltr'>os</span> <span class='ocrx_word' id='word_1_495' title='bbox 978 4353 1077 4406; x_wconf 72' lang='lat' dir='ltr'>Horret</span> <span class='ocrx_word' id='word_1_496' title='bbox 1083 4375 1095 4413; x_wconf 83' lang='lat'>,-</span> <span class='ocrx_word' id='word_1_497' title='bbox 1111 4355 1156 4405; x_wconf 84' lang='lat' dir='ltr'>ubi</span> <span class='ocrx_word' id='word_1_498' title='bbox 1166 4353 1290 4404; x_wconf 84' lang='lat' dir='ltr'>Woodius</span> <span class='ocrx_word' id='word_1_499' title='bbox 1298 4351 1425 4402; x_wconf 69' lang='lat' dir='ltr'>tium</span> 
     </span>
     <span class='ocr_line' id='line_1_53' title="bbox 321 4417 1425 4483; baseline -0.001 -14"><span class='ocrx_word' id='word_1_500' title='bbox 321 4417 385 4469; x_wconf 78' lang='lat' dir='ltr'>tacit</span> <span class='ocrx_word' id='word_1_501' title='bbox 395 4421 449 4465; x_wconf 87' lang='lat' dir='ltr'>tam</span> <span class='ocrx_word' id='word_1_502' title='bbox 460 4419 601 4482; x_wconf 81' lang='lat' dir='ltr'>antiquum,</span> <span class='ocrx_word' id='word_1_503' title='bbox 613 4433 664 4482; x_wconf 89' lang='lat' dir='ltr'>quo</span> <span class='ocrx_word' id='word_1_504' title='bbox 674 4421 766 4470; x_wconf 87' lang='lat' dir='ltr'>melius</span> <span class='ocrx_word' id='word_1_505' title='bbox 776 4425 806 4469; x_wconf 87' lang='lat' dir='ltr'>ut</span> <span class='ocrx_word' id='word_1_506' title='bbox 816 4422 919 4471; x_wconf 83' lang='lat' dir='ltr'>ridetur</span> <span class='ocrx_word' id='word_1_507' title='bbox 924 4423 1078 4472; x_wconf 62' lang='lat' dir='ltr'>”atentiam</span> <span class='ocrx_word' id='word_1_508' title='bbox 1086 4435 1158 4470; x_wconf 84' lang='lat' dir='ltr'>suam</span> <span class='ocrx_word' id='word_1_509' title='bbox 1165 4419 1305 4483; x_wconf 74' lang='lat' dir='ltr'>suffulciat,</span> <span class='ocrx_word' id='word_1_510' title='bbox 1313 4423 1425 4468; x_wconf 63' lang='lat' dir='ltr'>mmm</span> 
     </span>
    </p>
   </div>
   <div class='ocr_carea' id='block_1_9' title="bbox 273 4481 1424 4600">
    <p class='ocr_par' dir='ltr' id='par_1_12' title="bbox 273 4481 1424 4600">
     <span class='ocr_line' id='line_1_54' title="bbox 273 4481 1424 4600; baseline 0.003 -67"><span class='ocrx_word' id='word_1_511' title='bbox 273 4505 278 4513; x_wconf 64' lang='lat'><strong><em>¹</em></strong></span> <span class='ocrx_word' id='word_1_512' title='bbox 319 4481 420 4600; x_wconf 41' lang='lat' dir='ltr'>aa&amp;</span> <span class='ocrx_word' id='word_1_513' title='bbox 433 4487 535 4548; x_wconf 77' lang='lat' dir='ltr'>potitam</span> <span class='ocrx_word' id='word_1_514' title='bbox 557 4489 639 4536; x_wconf 78' lang='lat' dir='ltr'>artam</span> <span class='ocrx_word' id='word_1_515' title='bbox 657 4487 784 4538; x_wconf 83' lang='lat' dir='ltr'>scribendi</span> <span class='ocrx_word' id='word_1_516' title='bbox 799 4487 927 4549; x_wconf 67' lang='lat' dir='ltr'>nesciam</span> <span class='ocrx_word' id='word_1_517' title='bbox 944 4501 1022 4553; x_wconf 86' lang='lat' dir='ltr'>qaam</span> <span class='ocrx_word' id='word_1_518' title='bbox 1037 4487 1151 4541; x_wconf 71' lang='lat' dir='ltr'>amium</span> <span class='ocrx_word' id='word_1_519' title='bbox 1167 4486 1213 4537; x_wconf 82' lang='lat' dir='ltr'>sad</span> <span class='ocrx_word' id='word_1_520' title='bbox 1229 4487 1303 4544; x_wconf 82' lang='lat' dir='ltr'>natta</span> <span class='ocrx_word' id='word_1_521' title='bbox 1317 4487 1424 4535; x_wconf 63' lang='lat' dir='ltr'>saw</span> 
     </span>
    </p>
   </div>
   <div class='ocr_carea' id='block_1_10' title="bbox 0 0 1531 5217">
    <p class='ocr_par' dir='ltr' id='par_1_13' title="bbox 0 0 1531 5217">
     <span class='ocr_line' id='line_1_55' title="bbox 0 0 1531 5217; baseline 0 0"><span class='ocrx_word' id='word_1_522' title='bbox 0 0 1531 5217; x_wconf 95' lang='lat' dir='ltr'> </span> 
     </span>
    </p>
   </div>
  </div>
 </body>
</html>
