3034 5217
413 321 557 383 Nouis
577 323 622 384 IN
643 321 880 385 SlthNlDEM.
941 359 946 370 =
1158 335 1215 398 217

74 459 146 499 non
156 447 306 519 cuperent
315 444 453 519 imperiti,
461 446 642 521 reponebant
652 446 691 505 τό
700 465 748 520 μα
758 445 827 505 τόν.
848 449 935 524 Atqui
952 446 1022 506 illud
1036 465 1084 521 μοι
1098 449 1217 526 elegan-

76 525 135 578 ter
166 520 494 598 nuptiate-Verbum
523 531 622 582 eutem
655 524 804 604 ἐατόασεν
828 530 1043 585 usitatissimum
1072 531 1101 586 in
1128 529 1217 586 rebus

77 598 271 675 hujusmodi.
293 601 398 679 [Recti
413 603 517 680 etium]
532 605 701 678 scripsimus
713 623 752 678 με
765 607 869 676 φωναῖς
891 605 974 664 οὐδὲν
989 605 1031 664 ἔτ’
1043 609 1113 665 ἵκει.
1134 606 1218 666 MSS.

78 670 155 736 lere
170 696 274 736 omues
287 684 374 752 εἴκει,
389 681 464 756 quod
479 682 599 741 Aeolios}
613 683 720 740 dicitur
733 701 788 759 pro
811 683 889 756 ἥκει.
932 683 989 742 Sed
1012 681 1081 758 ἥκει
1105 685 1219 746 nullum

78 757 192 814 locum
207 757 255 815 hic
270 757 368 815 hahet
409 761 510 830 Quare
527 762 624 819 nullus
636 761 745 834 dubito,
761 765 827 837 quin
845 764 998 838 scripserit
1012 763 1132 839 Sappho
1146 769 1215 824 ἵκει·

80 836 170 910 quod
184 838 346 895 secundum
361 855 474 898 morem
488 846 574 915 atque
597 842 838 900 consuetudinem
859 842 983 899 Aeolum
1007 848 1061 915 est,
1084 845 1134 919 qul
1157 842 1220 900 leni

81 918 198 989 spiritu
228 915 364 992 gaudent
385 917 478 975 Τουε.
517 917 652 996 βροχέυε,
674 918 794 977 scotice
816 936 871 995 pro
892 918 1031 996 βραχέως,
1047 921 1079 978 ἐν
1100 920 1217 998 βραχεῆ
1259 933 1262 956 ¹

84 994 155 1049 cs'td.
178 992 307 1052 Bnoncu.
349 995 455 1054 illelius
469 995 606 1069 ρωνᾰσαε
623 995 763 1056 ὑπακούει
787 996 839 1057 καὶ
857 995 1128 1076 γελάσας,ὶμεροέν·
1149 1017 1217 1058 nam

83 1070 198 1145 γελοίῐς
214 1075 243 1130 in
259 1073 315 1131 hoc
330 1074 396 1130 loco
410 1077 489 1134 nulli
503 1080 604 1133 nititur
616 1075 809 1148 auctoritate3
830 1081 861 1134 et
874 1073 965 1162 piultd
988 1076 1142 1152 pulchrior
1166 1078 1219 1136 ilis

85 1155 281 1210 constructio.
302 1151 342 1209 T.
359 1151 467 1213 Yonno.

131 1234 160 1286 9.
184 1228 302 1302 nappis
330 1232 446 1304 γλῶσσα
474 1230 564 1308 ἔαγε]
603 1231 721 1290 Tmesis
750 1238 812 1290 eet:
845 1231 973 1308 κατέαγε
1007 1233 1063 1308 μὲν
1091 1235 1216 1309 γλῶσσα.

88 1305 172 1364 Male
187 1316 218 1366 et
234 1307 351 1384 prorsuis
370 1310 506 1388 α’μένρως
529 1311 639 1386 legitur
663 1314 692 1368 in
717 1311 886 1389 quibusdam
911 1311 1087 1370 editionibus
1111 1311 1215 1388 protos·

88 1385 180 1460 έοίγη.
223 1387 254 1444 ln
269 1388 326 1446 hoc
340 1393 449 1446 norisio
464 1387 561 1446 medin
570 1391 737 1469 corripitur,
748 1407 824 1467 quae
836 1394 865 1448 in
874 1393 1038 1466 praeterito
1049 1393 1115 1466 ἔαγε
1130 1393 1218 1470 longe

89 1473 147 1523 est.
171 1465 299 1524 Bnuscu.
312 1469 451 1546 -lingnu
465 1485 532 1525 mea
546 1467 690 1527 debilitato
704 1481 751 1543 cst,
765 1466 878 1527 adcisa
892 1466 925 1527 dt
941 1467 1051 1536 λέπτον
1068 1471 1130 1548 πῦρ
1150 1473 1220 1530 uino

88 1543 277 1622 δεδρᾷμακεν
305 1549 378 1624 χρῶ,
400 1559 425 1605 ct
439 1545 540 1605 'insin
561 1546 668 1604 subtilis
689 1549 766 1626 ignis
788 1547 872 1604 snbs‘s't
895 1559 989 1606 cutem.
1003 1547 1219 1626 -osdpdpm,

91 1624 180 1681 Aeol.
196 1642 252 1699 pro
264 1623 439 1702 δεδρόμηαε,
453 1625 529 1702 quod
545 1622 664 1684 formari
676 1628 792 1684 ridetur
805 1626 842 1686 ab
853 1627 985 1684 obsoleto
994 1629 1087 1686 serbo
1096 1627 1218 1708 δρομέα,

92 1709 127 1759 et
141 1703 199 1760 hoc
214 1704 229 1760 ri
243 1704 295 1761 did
327 1725 380 1777 μα,
395 1703 470 1779 pert'.
484 1704 562 1762 med.
577 1703 593 1761 i
607 1705 713 1782 dpipus,
728 1723 783 1779 pro
798 1723 855 1782 quo
871 1709 900 1762 in
914 1723 967 1762 usu
981 1703 1086 1784 τρέχω.

137 1787 183 1838 li.
210 1783 258 1840 Οα
304 1785 416 1860 crocco]
439 1783 520 1840 Aeol.
536 1801 591 1858 pro
605 1783 800 1857 ὀμματεσσιν,
815 1784 890 1860 quod
906 1787 1019 1860 postire
1033 1803 1088 1861 pro
1099 1783 1218 1859 lipposos.

93 1860 1220 2020 ltiliiiiiii..it-{¹¹iiiiiiiiiiiittitillat‘linit

688 1984 697 2016 ,
1211 1985 1221 2000 .

94 2017 247 2077 Catullus:
270 2020 368 2078 Serico
382 2032 474 2099 suopte
489 2020 611 2078 tinniunt
624 2042 711 2079 aures.
732 2021 861 2079 Bnoncst.
979 2051 983 2060 ¹
1061 2039 1064 2045 ·

140 2101 184 2154 13.
203 2099 355 2176 Keos-1
386 2101 404 2157 i.
433 2117 461 2156 e.
491 2099 572 2157 sacci
597 2099 639 2157 δὲ.
669 2101 752 2158 κατα
780 2101 952 2177 disjungitur
980 2099 996 2156 i
1023 2100 1138 2176 χέεται,
1161 2117 1219 2177 per
1230 2101 1296 2162 250:

96 2181 211 2236 tnesiu.

140 2259 184 2313 15.
204 2254 414 2334 -csOva'xffl
435 2257 587 2331 Aeolpro
609 2246 801 2329 αεθνῆκεναι,
823 2257 874 2314 rel
895 2254 1048 2329 τεθνάναι,
1073 2267 1105 2315 et
1129 2256 1220 2334 ὀλίγον

95 2334 229 2392 'arderico
245 2354 298 2411 pro
313 2336 411 2411 ὀλίγον
424 2333 604 2410 iniuriosus,
625 2348 650 2395 ct
674 2357 755 2413 ρααυε
773 2336 877 2414 parim
900 2335 993 2394 αόεααε
1016 2335 1082 2414 quin
1102 2337 1219 2412 morior,

96 2412 236 2487 φαίνομαι
250 2414 372 2488 ἄπνους,
386 2414 484 2472 videor
497 2415 640 2472 exanimis.
660 2414 674 2433 ”
684 2415 742 2473 Vel
757 2433 775 2471 a
789 2412 936 2473 αεθναάω.
958 2415 1094 2490 Teucros.
1117 2414 1149 2474 P.

140 2497 184 2550 17.
205 2493 295 2550 Atio
320 2497 383 2551 πᾶν
409 2495 572 2568 culpando,
594 2491 659 2553 ἐπεὶ
683 2491 855 2570 ntimo-ff
877 2492 932 2550 Sed
947 2495 1033 2551 'mnus
1055 2494 1220 2572 cudendum,

99 2571 226 2648 quonium
237 2573 530 2652 pauperem—desunt
544 2581 673 2632 caetera.

138 2649 192 2728 *ρ*
208 2651 273 2709 Ηοα
288 2652 542 2728 exquisitissimum
557 2654 676 2710 odarion
692 2649 813 2708 Wcllins
827 2653 855 2708 in
869 2653 920 2708 sui
940 2651 1069 2709 editione
1085 2653 1221 2711 oneravit

100 2733 311 2788 annotationum
328 2729 475 2806 farragine
492 2737 550 2788 tam
575 2733 725 2804 immensi,
756 2738 788 2787 ut
811 2729 915 2788 lectori
945 2727 1090 2787 fastidium
1112 2734 1219 2806 pariat.

101 2809 160 2865 “ln
188 2809 232 2866 his
253 2809 417 2885 reliquiis‚'’
437 2811 529 2886 iuquit
549 2809 695 2887 Tonpius‚
717 2812 765 2867 vir
789 2812 981 2882 acutissimus,
1001 2814 1102 2884 “quos
1126 2812 1220 2886 magis

101 2891 122 2924 “
133 2891 279 2964 magisque
294 2896 490 2963 corruperunt
505 2891 562 2946 riri
575 2889 653 2961 docti
667 2894 698 2954 et
711 2887 832 2964 indocti,
847 2886 921 2944 nihil
935 2890 1010 2944 certi
1029 2884 1144 2944 definiri
1168 2904 1221 2961 po·

101 2965 216 3023 “test'’
257 2967 385 3024 Pulchra
399 2973 445 3024 est
457 2967 543 3042 hujus
558 2964 714 3043 fragmenti
740 2968 863 3035 imitatio
888 2963 1065 3036 Catulliana,
1090 2963 1126 3021 ad
1150 2964 1220 3022 Les·

101 3045 185 3118 biam,
200 3049 247 3104 49.
288 3045 338 3102 llte
356 3048 396 3102 mi
411 3066 469 3124 par
483 3062 536 3103 esre
555 3045 605 3102 dcc
623 3046 743 3118 uidetur,
758 3047 810 3102 &c
841 3050 872 3101 et
895 3042 1008 3100 Gallice
1030 3043 1221 3105 celeberrimi

102 3121 243 3182 Boilasil:
264 3122 413 3181 Heurens!
434 3125 480 3202 qni
490 3125 555 3203 pris
568 3123 602 3181 ds
616 3124 665 3198 toi,
680 3127 731 3182 irc.
747 3139 873 3180 necnon
897 3123 1058 3196 Angllosna
1073 3121 1220 3181 Ambrosii

103 3200 232 3278 Philips:
253 3203 329 3261 Blcst
341 3224 373 3262 os
388 3203 430 3261 ste
443 3203 587 3262 immonni
603 3203 673 3282 gods
686 3203 712 3261 is
731 3203 841 3274 ναοῖο.
867 3219 937 3277 quas
958 3218 1068 3272 omnes,
1083 3206 1114 3257 et
1134 3201 1221 3276 plura

69 3302 74 3312 ·
104 3299 214 3358 quoque
229 3283 265 3340 de
281 3271 410 3358 Sappho,
425 3279 528 3340 ridere
544 3290 588 3340 est
604 3287 633 3340 in
644 3282 721 3342 libro
736 3283 895 3354 notissimo,
914 3279 970 3337 Tse
994 3277 1147 3358 Spectator,
1159 3280 1220 3337 No.
1255 3307 1265 3328 κ

104 3363 168 3418 929.
207 3360 281 3419 Vide
296 3364 386 3419 etiam
401 3361 565 3438 Longinum
579 3362 616 3419 de
633 3361 829 3432 sublimitate,
844 3360 892 3418 ubi
914 3367 1065 3416 servatum
1093 3364 1139 3415 est
1163 3358 1220 3416 hoc
1331 3414 1333 3420 .

105 3436 303 3514 fragmentum,
318 3440 410 3518 [Sect.
426 3441 468 3518 n]
507 3441 551 3498 Οὐ
563 3439 738 3513 θαυμάζεις,
753 3459 781 3494 κ.
797 3457 826 3496 α.
850 3440 877 3495 i.
898 3442 929 3494 et
949 3454 1024 3512 quae
1048 3439 1107 3494 viri
1131 3436 1220 3510 docti²

105 3521 274 3592 praesertim
290 3518 427 3593 Pearcius
440 3519 645 3596 Toupinsque‚
658 3519 697 3574 ibi
711 3515 892 3575 annotiruut.
933 3513 977 3572 Cf.
993 3514 1141 3573 celeberr.
1152 3515 1219 3576 Gul.

105 3595 200 3671 lones,
216 3597 297 3654 Pois.
313 3599 404 3656 Asioi.
418 3597 530 3656 Comm.
545 3615 574 3673 p.
589 3601 657 3655 258.
671 3613 731 3673 sqq.

143 3982 426 4044 *ΣΙΜΩΝΙΔΟΥ
437 3977 629 4056 Karon-1
652 3977 805 4037 Simonidis
820 3971 1086 4113 Ceis'prngmcstnm.
1128 3975 1221 4035 Simo·

107 4063 184 4123 uides
198 4063 297 4134 Ceius,
311 4065 375 4119 sive
390 4079 429 4118 ex
444 4061 536 4123 inauli
550 4058 623 4131 Ceo,
639 4057 833 4132 Philosophus
843 4061 875 4113 et
914 4062 989 4135 citu,
1002 4063 1086 4114 uatus
1112 4055 1158 4113 Ol.
1173 4072 1219 4116 ur.

108 4148 211 4200 hante
226 4142 297 4198 Chr.
313 4139 352 4198 N.
369 4145 435 4210 h'i'l.
476 4137 564 4217 [Vide
581 4138 693 4215 Bentley
713 4157 749 4194 αα
771 4135 852 4194 Piae.
872 4153 901 4210 ρ.
917 4139 966 4208 41,
990 4153 1050 4211 sqq.
1079 4141 1110 4192 et
1137 4133 1219 4212 rte]

109 4221 224 4278 Vocales
239 4220 339 4296 longas
353 4239 383 4292 η,
397 4237 431 4290 ω,
445 4225 477 4276 et
490 4217 622 4291 duplices
636 4221 826 4273 consonantes
841 4234 877 4289 ψ,
892 4218 918 4287 ζ,
936 4213 1118 4283 Graecorum
1142 4212 1222 4271 Lite·

108 4302 145 4358 ris
159 4298 318 4367 addidisse3
340 4303 492 4373 artemque
513 4299 675 4352 memoriae
697 4298 808 4370 primus
832 4292 986 4368 protulisse
1010 4291 1113 4350 fertur.
1155 4291 1219 4371 [De

110 4378 241 4452 quovide
257 4376 394 4434 Ciceron.
409 4376 445 4434 de
456 4364 543 4432 'Oret
559 4377 587 4431 ii.
603 4393 628 4432 c.
652 4378 699 4431 86.
718 4371 755 4430 cf.
783 4373 925 4444 Quinctil.
941 4387 969 4428 x.
984 4387 1010 4428 c.
1027 4370 1066 4448 l.]
1100 4370 1221 4429 Athenis

110 4454 277 4532 Hipparcho
287 4454 432 4532 jucundus
446 4461 528 4524 erat3
549 4454 619 4510 dein
633 4453 756 4529 Spartae
772 4469 838 4508 cum
855 4449 995 4507 Pauseuii
1009 4455 1141 4523 'versutus
1155 4453 1219 4508 est:

111 4533 228 4611 denique
245 4537 275 4592 iu
300 4535 431 4595 Siciliam
445 4540 568 4592 vocatus
592 4532 609 4590 εἰ
632 4528 776 4606 Hierone,
792 4531 942 4605 Syracusis
966 4533 1097 4600 mortuus
1120 4533 1165 4588 ert
1188 4531 1220 4588 ct

146 4613 211 4674 Vos.
232 4613 267 4672 ll.
467 4616 505 4670 28
