3034 5217
465 291 612 366 nonar:
632 278 861 366 rn'snrrno.
923 355 932 369 .
1163 315 1225 372 21⁵

96 419 253 478 doctorum
276 419 353 476 notis
372 419 507 497 integris,
528 421 600 478 curt
623 425 655 478 et
676 420 772 478 studio
795 419 843 478 Jo.
866 417 1025 479 Christiani
1047 417 1170 496 wollin,
1195 427 1224 482 in
1237 427 1323 484 ant..

94 499 259 574 Gymnnsto
280 495 499 576 Hamburgensl
522 497 700 557 Professorts
725 499 850 558 Publici.
891 499 953 571 Qui
973 497 1071 558 Vitam
1092 501 1225 578 Sappho·

95 580 143 634 nis
159 583 190 634 et
200 569 318 636 Indices
333 576 453 653 adjecit.
487 575 657 658 Ηοοιίιυτρί,
675 582 760 651 1733,
774 578 807 636 a‘n
822 583 877 637 lto.
891 573 907 599 ''
917 587 943 636 et
957 577 1089 638 Londini.
1114 581 1146 638 P.

139 653 195 735 *,,*
209 656 275 715 Nos
301 660 418 732 sequuti
445 673 544 714 sumus
565 657 633 714 adit.
659 658 817 716 secundam
841 657 992 732 Brunckii,
1013 675 1088 735 quae
1114 659 1226 736 prodiit

94 738 206 794 minori
220 733 324 809 sormi,
338 753 406 807 cum
421 737 527 794 Anacr.
542 734 640 794 Caum.
681 737 795 815 degent.
814 741 898 796 1786.

140 891 204 951 Ver.
223 898 249 950 l.‘
269 890 502 971 Ποικιλόθρον’,]
518 896 537 950 i.
553 911 580 950 e.
595 892 700 967 ἔχοισα
713 893 865 958 ποικίλους
876 891 1010 972 θρόνους,
1021 893 1225 956 talamania

93 971 208 1030 ιλνοιιοι
217 994 231 1042 ,·
250 971 404 1048 epitheton
419 972 480 1030 scil.
496 971 632 1045 Veneris,
648 973 687 1030 ob
701 974 859 1049 imperium
873 972 951 1050 quod
966 973 1074 1050 ubique
1089 978 1224 1051 gentium

91 1057 230 1109 exercet
273 1051 345 1108 Sunt
360 1057 457 1109 tamen
472 1054 521 1128 qui
543 1053 777 1127 interpretantur
798 1049 1029 1128 ποιαιλόθρονον,
1041 1051 1185 1133 floridam
1199 1066 1225 1113 et

90 1131 181 1187 οαπῖᾶ
193 1139 265 1188 nesto
278 1138 416 1200 tamtam
436 1147 504 1190 narn
513 1128 615 1208 ’θρόνα
628 1129 789 1206 secundum
805 1129 987 1208 Hesychium
1003 1138 1047 1188 est
1060 1131 1151 1205 ἄνθη,
1171 1130 1223 1192 καί

92 1209 138 1265 τα
153 1211 187 1266 ἐκ
202 1207 371 1286 χραμάτων
392 1207 588 1283 ποικίλματα·
610 1214 642 1266 et
663 1209 773 1284 Venus,
797 1213 897 1286 inquit
914 1208 1077 1283 Harlesius‚
1093 1213 1157 1286 ipsa
1178 1217 1224 1270 est

92 1287 225 1361 Natura,
240 1292 418 1365 praesentim
433 1291 523 1363 veris,
539 1307 596 1365 qno
610 1285 700 1354 dores
714 1293 846 1348 vestiunt
860 1307 946 1366 agros
968 1295 999 1346 et
1020 1292 1120 1348 omnia
1143 1288 1222 1348 revi-

91 1373 223 1425 rescunt

135 1449 163 1503 5.
185 1444 286 1522 τυΐῦε]
315 1446 374 1505 bric.
409 1447 533 1504 Aeolica
554 1451 622 1506 sunt
642 1444 700 1504 τυί
717 1453 749 1505 et
772 1447 867 1506 τυΐῦε.
900 1445 1037 1522 Hesycb:
1066 1443 1128 1519 nul,
1153 1443 1223 1508 dte.

89 1525 229 1603 Κρῆτες.
251 1525 350 1583 idem:
372 1525 538 1603 anaspum,
555 1523 744 1601 ealditune,
758 1528 912 1588 Aeolicum
935 1533 980 1584 est
1004 1543 1058 1603 pro
1084 1523 1137 1584 καί
1158 1525 1223 1586 ένί-

90 1607 177 1682 ρωθε.
197 1603 273 1661 Vide
288 1603 420 1682 Hesycb.
431 1605 501 1663 edit
513 1605 638 1679 bibenti,
648 1603 835 1664 vocibusaul
846 1611 877 1664 et
892 1605 1057 1682 καίτερολτα.
1077 1603 1223 1664 “Aeolica

23 1755 27 1764 ,
92 1686 234 1742 accentus
249 1685 449 1757 retrahuntur,
460 1692 491 1742 et
500 1687 619 1782 spiritus
628 1687 727 1760 asperi
736 1687 820 1744 leues
829 1685 919 1745 fiunt:
941 1688 995 1758 uti,
1005 1684 1117 1760 θῦμον,
1127 1684 1223 1759 κάλοι,

92 1763 191 1837 ὄττι,
206 1780 260 1839 pro
273 1763 386 1840 θυμὸν,
402 1761 498 1838 καλοί,
513 1783 529 1823 ο
546 1781 611 1836 ττι,
626 1766 678 1821 bc.
700 1763 732 1822 P.

134 1847 162 1901 6.
188 1843 251 1905 Τοῖς
274 1844 349 1916 ἐμοῖς
371 1843 524 1921 αῦῦοῖς-]
545 1842 631 1900 Haec
653 1842 777 1902 Aeolica
798 1849 872 1902 snut.
913 1841 994 1900 Ordo
1016 1839 1222 1900 estz-nlloeda

92 1924 154 1993 τῆς
168 1923 243 1995 ἐμῆς
256 1923 355 1995 αῦῦῆς
364 1924 472 1994 ,ἔκλυες
487 1924 577 1994 πόλυ,
592 1924 718 1981 λιποῦσα
733 1921 767 1982 dl
781 1921 905 2002 χρύσεον
917 1920 1011 1994 ῦίμον
1026 1923 1139 1998 πατρίς
1154 1923 1223 1979 ὑπο-

94 1999 216 2074 ζεῦξαοα
228 1999 313 2080 ἅρμα
329 1997 428 2074 ἦλθες,
444 2000 529 2062 adius
543 2000 577 2059 dl
590 2000 676 2065 alaier
690 2004 823 2080 στροῦθοι
845 2003 986 2063 δινῦντες
1013 2001 1082 2078 [pro
1105 2000 1222 2058 δινοῦν-

22 2158 25 2163 .
92 2079 160 2156 τες]
182 2078 284 2139 πύκνα
298 2081 394 2161 πτέρα
410 2075 485 2157 ἦγόν
498 2091 530 2142 σε
543 2082 599 2140 a‘n’
612 2084 734 2160 οῦρανοῦ
747 2078 816 2158 περὶ
828 2079 971 2154 μελαίνης
985 2082 1053 2154 γῆς,
1066 2077 1100 2136 dl
1114 2077 1223 2152 ἐξίκον-

23 2186 25 2189 ·
93 2177 131 2216 το
143 2154 225 2237 αἶψα
238 2161 524 2239 dtolptdcuoeltie'pnc.
565 2157 739 2235 “Passim”
754 2162 848 2237 inquit
861 2161 897 2218 Is.
912 2159 1042 2232 Vossius,
1064 2159 1224 2218 “occurrit

25 2239 27 2241 ’
93 2243 197 2315 ιιμαῖα
210 2239 349 2314 μέλαινα,
364 2248 466 2318 estque
483 2247 662 2317 perpetuum
677 2238 864 2315 epitheton.‘’
997 2251 1002 2263 ·

137 2324 182 2376 lt.
202 2322 357 2401 έ-ολρανιῦ,
371 2320 499 2399 αἰθέρος]
521 2320 570 2378 Sic
584 2318 674 2377 scribi
688 2320 799 2378 debuit
814 2337 838 2376 ω
861 2338 893 2376 αι
918 2319 948 2374 in
970 2334 1058 2376 unam
1078 2315 1225 2394 syllabam

93 2399 274 2474 coalescunt,
290 2405 322 2458 ut
337 2397 411 2458 infra
424 2419 445 2473 η
458 2418 501 2475 ου,
516 2399 592 2475 quod
607 2399 739 2456 sollenne
755 2406 808 2456 est.
830 2395 958 2455 Bnuucrr.

137 2484 182 2538 14.
201 2476 386 2538 -οἷθανιίτω
405 2477 572 2556 aspendum]
606 2478 690 2537 Aeol.
711 2479 786 2536 Gen.
808 2484 839 2536 et
861 2475 1033 2536 subauditur
1053 2473 1113 2534 ῦιοί.
1135 2473 1186 2532 Sin
1209 2483 1305 2540 ⁴258,

92 2556 297 2632 subscribitur,
311 2563 343 2615 ut
358 2562 387 2617 in
402 2559 500 2616 multis
515 2558 734 2635 exemplaribus
749 2564 804 2632 est,
818 2556 874 2617 σῦν
889 2555 1069 2631 subintelligi
1085 2561 1191 2631 potest.

136 2641 183 2694 15.
204 2635 303 2716 Ηρέ,]
324 2654 380 2714 pro
395 2638 472 2716 ἤραο,
486 2644 519 2696 et
532 2637 590 2695 hoc
605 2637 665 2696 lon.
687 2655 743 2715 pro
768 2637 849 2714 ἤρου,
873 2635 1073 2714 interrogabas.
1094 2633 1221 2694 itanu.

93 2715 175 2774 Ordo
190 2723 250 2774 est:
272 2715 451 2794 Ηριοόττι
466 2719 493 2792 γ’
507 2710 547 2790 ἦν
561 2717 598 2774 τί
615 2718 648 2795 [i.
663 2734 691 2774 e.
706 2716 739 2794 d]
754 2716 899 2789 πέποιθα,
916 2711 968 2772 καί
993 2711 1090 2792 [δι’]ἰλ
1114 2731 1168 2771 ττι
1182 2715 1225 2787 δή

24 2802 25 2805 ’
93 2793 266 2871 adaspios,
282 2795 333 2854 καί
355 2796 372 2854 δ
394 2815 448 2854 ττι
466 2795 600 2870 μάλιστα
621 2796 712 2854 ἐθέλω
733 2795 866 2873 γενέσθαι
882 2789 978 2872 [περί]
1008 2793 1070 2864 iuni
1092 2789 1223 2866 μαινόλα

91 2873 196 2949 θύμω,
210 2873 404 2954 Interrognlus
418 2875 550 2954 qrsldnom
565 2875 675 2934 tandem
689 2884 754 2934 essct
775 2875 846 2952 quod
889 2891 951 2931 assa
964 2869 1084 2948 fuerim,
1099 2881 1124 2929 et
1139 2887 1223 2948 quare

23 2972 25 2995 ³
90 2952 253 3013 invocarem
266 2966 303 3030 te,
317 2966 342 3013 ct
357 2955 489 3034 perideum
499 2955 649 3035 praecipui
662 2955 759 3012 vellem
768 2953 839 3031 fleri
852 2895 888 3010 cll
898 2949 1014 3029 furenti
1036 2969 1095 3006 meo
1116 2947 1222 3022 aalma,
1264 3017 1267 3024 y

94 3033 241 3114 [Eustath.
257 3035 294 3092 nd
307 3033 395 3093 Hom.
411 3035 444 3092 il.
460 3055 490 3108 κ,
508 3038 573 3092 125.
588 3053 618 3110 p.
633 3036 701 3090 793.
721 3037 769 3091 49.
814 3033 876 3091 Τοῦ
895 3028 929 3088 δὲ
951 3026 1118 3100 καλήμεναι
1137 3043 1222 3100 ποιη-

93 3115 182 3172 τικοῦ
193 3110 325 3190 ῥήματος
340 3114 378 3172 τῦ
391 3113 476 3186 alluo
493 3114 514 3186 ἢ
530 3109 665 3172 καλαίνιο
678 3110 817 3184 dorlani
844 3110 969 3204 κάλημι.
1011 3106 1224 3166 observandae

93 3200 193 3250 autem
210 3211 298 3251 voces
312 3193 463 3265 aeolicae,
479 3193 495 3250 ὅ
509 3195 563 3251 τ’τι
578 3211 633 3268 pro
648 3189 667 3251 ὅ
681 3211 746 3265 τοι,
761 3190 837 3268 quod
852 3184 939 3272 pro-o‘
955 3205 998 3260 τι,
1020 3191 1051 3243 et
1072 3187 1132 3260 ἐμοῦ
1155 3203 1223 3258 μαι-

94 3270 169 3330 νόλα
183 3271 281 3347 θύμω,
295 3291 350 3349 pro
363 3274 436 3346 ἐμοῦ
449 3271 596 3345 μαινόλου
610 3271 735 3346 θυμοῦ]
757 3269 828 3327 τίνα
843 3271 870 3327 d'
885 3273 960 3328 αῦοε
972 3267 1030 3323 τοῖν
1039 3263 1222 3340 barnuinum·

92 3351 246 3425 φιλότατα
261 3350 360 3411 πείθω·
383 3371 459 3430 prtem
473 3363 563 3410 nutem
577 3350 746 3409 irretientem
760 3369 882 3408 cruorem
896 3347 1007 3406 allicere
1021 3363 1110 3403 coner.
1152 3343 1224 3401 Sen-

92 3449 141 3488 sus
150 3432 198 3490 bic
209 3429 362 3489 admoddm
373 3438 417 3490 est
427 3432 577 3505 obscurae,
592 3438 623 3488 et
638 3449 710 3490 vora
721 3431 812 3487 lectio
824 3426 939 3485 omnino
951 3428 1072 3482 incerta.
1095 3421 1223 3502 [mato

96 3511 197 3568 Τοίνσ.
213 3510 298 3568 Edin.
313 3514 429 3587 quintn3
451 3508 587 3583 πείθημι
602 3519 629 3568 o.
644 3514 762 3587 priores
771 3503 955 3582 editiones.‘']
969 3501 1152 3578 σαγηυὲσσαν
1167 3519 1222 3592 pro

91 3589 320 3671 camerimnus,
332 3589 521 3664 inscripserint,
531 3590 650 3648 irretio:
670 3596 715 3647 est
726 3591 804 3646 enirn
815 3587 831 3643 al
841 3583 968 3659 σαγήνῃ,
980 3597 1222 3659 regnaremus·

93 3671 160 3728 λαιο.
194 3673 285 3728 Amor
305 3677 404 3726 autem
419 3670 528 3726 dicitur
549 3667 753 3744 metaphorice
774 3664 886 3724 irretire
904 3661 1031 3720 borsines.
1057 3655 1222 3732 φιλότατα,

92 3751 177 3808 Aeol.
190 3767 244 3824 pro
258 3747 425 3821 φιλότητα.
469 3747 552 3804 Varii
575 3748 754 3822 interpretes
776 3745 853 3802 bunc
874 3743 970 3800 locum
992 3740 1149 3809 tentarunt,
1169 3738 1222 3795 sed

92 3845 205 3901 omnes,
221 3835 252 3885 nt
266 3828 338 3885 mihi
354 3827 482 3899 videtur,
497 3823 667 3884 infeliciter.
708 3819 783 3880 Vide
800 3821 897 3879 Wolfii
914 3821 982 3878 edit.

133 3913 181 3965 20.
201 3907 309 3965 α’ῦιιιεῑ
325 3915 357 3965 σε
370 3906 395 3982 ;]
416 3905 543 3980 Vulgata
557 3906 647 3962 lectio
662 3909 707 3961 est
725 3902 824 3973 οῐδικῇ
832 3920 843 3972 ;
864 3917 939 3977 quae
964 3898 1030 3957 ideo
1056 3895 1223 3972 respuenda

91 3984 200 4045 merito
214 3987 331 4046 videtur
345 3985 505 4056 Brunclrio‚
515 3983 592 4059 quod
607 3983 778 4057 penultima,
794 3999 868 4057 quae
885 3981 1046 4049 brerisest‚
1062 3976 1109 4033 bic
1121 3993 1222 4033 neces-

90 4064 171 4123 sario
185 4065 375 4142 producenda
388 4067 434 4122 sit.
475 4061 587 4121 Verum
602 4060 722 4139 ῦῦρίζει,
737 4077 824 4138 quam
846 4061 897 4117 ille
923 4063 1008 4134 putat
1029 4057 1222 4114 certissimam

91 4145 341 4218 emendationem,
366 4146 451 4201 nimis
475 4142 571 4200 audax
595 4143 722 4200 videtur.
753 4139 873 4213 “Hic‚”
899 4139 991 4214 inquit
1015 4134 1129 4208 Portus,
1153 4133 1220 4193 “cd

90 4227 113 4261 “
123 4223 232 4283 α’δικεῖ
241 4222 383 4300 syllabam
397 4223 439 4295 δι,
453 4229 579 4298 propter
593 4224 754 4297 ancipitem
768 4221 823 4278 τοῦ
836 4239 847 4276 ι
873 4225 1017 4288 naturam,
1040 4213 1131 4272 babet
1155 4231 1223 4288 pru·

91 4307 114 4341 “
125 4302 274 4360 ductam.''
313 4302 431 4360 Vocalis
443 4303 577 4377 ancipitis
588 4306 723 4359 naturam
731 4317 790 4356 non
803 4299 951 4356 intellexit
966 4295 1087 4352 Portus:
1108 4287 1224 4383 facilior

91 4388 193 4440 autem
207 4384 287 4439 esset
301 4385 423 4440 mutatio
435 4379 539 4440 allerias
551 4403 563 4451 ;
584 4380 645 4458 quir
659 4389 684 4438 te
696 4377 795 4437 uitat?
814 4377 864 4438 vei
879 4375 928 4439 τίς
949 4381 992 4432 σοι
1013 4367 1118 4444 derude
1131 4393 1144 4440 ς
1164 4389 1224 4449 prot

92 4460 406 4535 albemarlensis,
421 4462 437 4518 d
450 4460 496 4536 μή
510 4465 612 4534 εἴκων,
628 4459 772 4536 Etymoi.;
793 4458 843 4515 rei
853 4455 978 4533 denique
994 4449 1042 4515 τίς
1055 4457 1097 4508 σοι
1111 4449 1224 4544 albae..-

92 4559 239 4617 qaemncm
253 4541 388 4623 duperia?
407 4559 483 4617 quae
498 4557 558 4600 vox
572 4537 752 4602 Thessalica
765 4537 901 4600 Alcmani
923 4529 1149 4606 Theocritbqbe
1165 4543 1231 4588 uss·¹
