3034 5217
401 298 545 392 Nouae
564 299 610 358 ΙΝ
630 295 930 358 EPIGRAMMATA.
1103 318 1105 326 ¹
1169 309 1227 365 285
1247 324 1251 332 ·

74 419 211 497 quidem
222 436 311 499 prope
324 417 479 496 soniarius,
504 428 529 476 et
550 419 726 492 arundinea,
748 430 774 476 et
795 419 888 478 bvmos
912 419 1052 499 expiravit
1076 419 1154 502 (uuo
1171 419 1228 495 ἧκε
1240 427 1306 502 399.

73 497 226 577 arroasia)
251 498 314 554 dua
337 498 501 571 volveretur,
515 499 566 556 vel
579 498 726 571 volutatu‘r,
740 498 797 576 fila
812 519 892 576 qurum
906 500 1090 578 complevisset
1095 499 1228 579 fatalia:
1281 527 1283 532 s

74 577 140 634 ilio
167 588 266 635 autem
283 588 390 634 mortuo
405 577 556 656 piscatore,
577 578 703 656 pe'scotor
723 578 774 634 boo
795 578 915 656 aggessit
938 579 1116 657 sepulchrum.
1159 577 1229 638 Non

76 657 233 713 dissimili
256 653 317 713 sato
341 662 527 732 consumptus
541 663 609 714 aute
633 673 722 714 anuos
746 657 857 733 aliquot
881 659 910 714 in
932 657 1092 716 Germanii
1113 661 1229 735 quidam

77 734 254 792 sacrificus
277 735 410 810 piscandi
434 743 467 793 et
489 735 606 793 natandi
629 739 835 810 peritissimus,
860 739 909 812 qui
931 755 1019 810 quum
1043 740 1072 794 in
1094 755 1180 796 manu
1199 743 1228 796 in

80 815 227 889 quodam
242 811 386 888 prolimdo
399 819 518 890 gurgite
533 833 654 891 peream
669 818 808 890 cepisset,
824 818 926 890 orique
942 819 1121 889 inseruisset,
1137 824 1169 874 ut
1191 819 1229 876 ad

80 891 216 949 sodales
232 898 483 969 enamrebperca
504 897 533 951 in
552 894 652 969 gulam
675 894 790 968 illapsa,
814 897 953 952 miserum
978 894 1174 952 sacrificulum
1198 901 1227 955 in
1293 961 1296 966 ,

82 971 235 1028 manibus
262 972 403 1029 sodalium
438 972 512 1030 nihil
539 991 597 1030 nou
625 975 797 1035 tentantium
826 971 1012 1030 exanimauit.
1054 973 1226 1033 Oosoeocvs.

82 1049 207 1124 Κίχλη
222 1057 268 1108 est
282 1050 375 1108 laban
389 1050 483 1108 turdus
497 1051 636 1119 Linuaei3
657 1050 766 1128 σκάρος
782 1051 876 1109 lobrus
890 1071 1006 1122 scarus;
1026 1052 1123 1129 πέρκη
1141 1041 1228 1132 percu

82 1129 213 1187 snarina
221 1151 234 1200 ;
253 1127 345 1192 inviis
361 1129 453 1188 labris
467 1130 542 1188 iulis.
563 1130 601 1187 T.
617 1129 727 1189 Yovuo.

133 1442 391 1516 Cumanorum-1,
407 1446 433 1500 1.
454 1441 620 1520 Kianos-4
646 1440 824 1518 Crioagoras
839 1441 887 1499 hic
901 1457 981 1498 rosas
996 1440 1107 1499 inducit
1120 1441 1226 1500 blaudi

89 1523 282 1596 alloquentes
297 1520 453 1580 formosam
468 1522 610 1597 quandam
626 1522 861 1597 anonymam‚die
874 1519 937 1595 ejus
952 1521 1052 1592 natali,
1068 1525 1227 1596 appropia·
1314 1581 1321 1591 ,

90 1601 253 1676 quantibus
267 1604 385 1676 nuptiis,
401 1607 536 1674 tempore
552 1600 705 1676 hyberum
726 1605 758 1658 et
771 1601 934 1677 gaudentes
949 1607 1018 1657 tuac
1033 1599 1129 1674 potius
1148 1602 1226 1677 caly-

90 1697 146 1737 ces
170 1697 240 1737 suos
264 1697 415 1755 rumpere,
438 1678 575 1754 loliisque
597 1682 656 1736 suis
684 1679 904 1754 pulcherrimae
935 1679 1066 1736 mulieris
1090 1688 1226 1755 tempora

92 1777 217 1830 ornare,
232 1760 317 1835 quim
333 1776 457 1816 vernum
472 1764 636 1834 expectare
650 1761 753 1816 solem.

135 1843 164 1896 3.
185 1837 244 1896 Σοὶ
257 1835 520 1914 iusuesdrioaucm]
541 1837 726 1895 Constructio
741 1844 804 1895 est:
824 1836 938 1908 ἄσμενα
958 1834 1002 1894 ovi
1017 1837 1226 1908 ἐπιμειδήσαν-

92 1935 138 1973 aa
152 1919 231 1998 τῇδε
245 1915 382 1996 redebitur
397 1919 453 1989 ἠοῖ,
466 1915 621 1995 α’σσοπίτῃ
636 1916 801 1988 vuuasdslov
817 1916 937 1990 λεχέων.
961 1915 1075 1973 libenter
1086 1915 1139 1972 tibi
1152 1918 1226 1974 orri-

94 1997 190 2054 ‹leutes
200 1999 249 2054 tud
262 1997 314 2053 lsac
327 1998 431 2053 aurorci
445 1997 545 2068 natali,
561 1995 628 2053 lecto
640 1995 750 2075 geniali
760 1997 901 2074 morienti.
932 2000 951 2030 “
965 1993 999 2052 V.
1018 2000 1042 2052 l.
1059 1995 1142 2068 ἤνθει
1156 1994 1224 2070 μὲν,

94 2075 171 2133 Cod.
186 2075 251 2132 Vat.
267 2083 299 2132 et
313 2075 413 2133 Reisk.
433 2075 548 2133 Jacoas.
570 2073 601 2133 P.

137 2233 174 2307 11,
193 2237 218 2291 l.
243 2231 426 2311 Otipuoldum]
448 2233 645 2308 Praepouitur
669 2231 726 2290 hoc
741 2236 956 2310 epigrammate
973 2231 1112 2290 fortitudo
1126 2231 1223 2306 cujus-

97 2314 164 2370 dam
180 2313 244 2370 itali
259 2313 428 2390 Othryadae
444 2315 588 2387 Spartano
603 2319 634 2370 et
658 2311 819 2388 Cynegirm
842 2319 873 2370 et
899 2311 1031 2369 omnibus
1055 2311 1222 2381 bellicosis;

97 2392 173 2468 quod
187 2395 216 2449 in
239 2392 398 2449 Germanii
412 2397 547 2467 ereptam
568 2391 709 2468 signifero
733 2392 871 2466 aquilam,
887 2381 994 2449 iterim
1016 2389 1147 2448 hostibus
1171 2409 1224 2448 ex·

98 2473 226 2545 torserit,
236 2472 405 2528 adversario
413 2469 579 2529 interfecto.
619 2471 793 2528 Ossorocus.
814 2469 914 2530 Keller
931 2468 1137 2547 Otlpveidnma.
1149 2489 1178 2526 a.
1194 2472 1221 2527 λ.

104 2550 131 2606 V
128 2561 214 2623 acuto,
227 2554 253 2608 si
267 2553 323 2624 ris,
342 2549 501 2628 Otltrpoden
516 2550 635 2628 Spartae
648 2549 879 2628 magnieneleosu,
890 2559 937 2606 out
952 2549 1121 2628 Cynegirum
1136 2568 1222 2606 navo-

101 2630 152 2686 lem
160 2639 353 2707 pugnatorem,
368 2641 415 2688 out
429 2628 553 2687 annium
566 2650 609 2688 res
627 2640 720 2708 gestas
735 2627 854 2690 bellicos.
886 2629 990 2685 Omnia
1014 2625 1149 2686 nimiriim
1172 2647 1222 2686 cx-

99 2715 218 2784 superat
231 2707 369 2765 fortitudo
383 2710 469 2766 Arrii.

139 2792 165 2844 b.
186 2787 349 2865 dietih]
370 2790 407 2850 ὡς
422 2789 468 2846 ide
482 2788 585 2846 αἰετὸν
599 2784 686 2858 φίλου
698 2789 872 2862 dementi-
885 2797 915 2843 ut
938 2785 1011 2844 violit
1033 2785 1156 2860 aquilam
1178 2786 1223 2844 sui

101 2866 238 2940 exercitiis,
252 2869 304 2924 isc.
319 2859 448 2930 -αῧτις
461 2867 627 2944 ἄνθορεν-
639 2865 732 2923 rursus
746 2865 857 2939 exsiluit
870 2866 882 2922 i
896 2864 1011 2922 utortuis
1034 2864 1065 2920 iu
1089 2863 1157 2920 bello
1179 2865 1223 2922 in·
1256 2891 1258 2898 ¹

102 2946 234 3024 teremptis
242 2967 255 3015 ;
276 2956 300 3003 et
315 2963 395 3022 quum
407 2944 586 3022 interfecisset
599 2945 690 3016 illum,
710 2944 757 3020 qui
774 2963 834 3001 eam
840 2941 963 3020 serebat,
977 2944 1034 3002 suis
1049 2945 1222 3078 recuperavit

102 3023 451 3096 dunimrotusiuvtuom
469 3035 641 3102 conceptatur
660 3034 783 3082 mortem.
824 3019 984 3080 Caetertim
1006 3023 1043 3081 de
1069 3021 1107 3079 Ol
1131 3025 1221 3097 ryadi
1288 3053 1291 3058 ·

102 3103 168 3162 ride
182 3103 320 3162 Herodot.
337 3102 400 3161 Lib.
416 3107 435 3161 i.
452 3107 497 3160 82.
513 3109 545 3160 et
558 3103 677 3160 Suidam
693 3104 721 3158 in
736 3119 822 3160 voce.
863 3102 911 3160 De
937 3101 1097 3178 Cynegiro,
1115 3103 1219 3160 lustin.

102 3179 162 3240 Lib.
177 3184 204 3238 ii.
219 3185 246 3240 9.
261 3189 293 3240 et
307 3182 450 3240 Herodot.
468 3182 528 3240 Lib.
545 3185 583 3239 vi.
603 3187 667 3239 114.
682 3183 725 3238 uti
740 3182 882 3240 indicavit
902 3181 1082 3258 Obsopoeus.
1119 3179 1132 3202 '‘
1143 3181 1219 3240 Vide

102 3260 164 3319 Vol.
178 3262 199 3341 l.
212 3279 241 3338 p.
256 3265 303 3319 22.
318 3261 347 3319 b.
363 3279 411 3338 op.
433 3262 494 3320 Sor.
508 3253 687 3325 aiere-Bu
702 3259 734 3317 P.

142 3420 188 3495 111,
209 3426 233 3479 1.
255 3416 338 3496 Atys
352 3420 443 3498 ue-]
464 3420 565 3479 Verba
579 3427 645 3480 suat
658 3437 780 3495 caprae,
790 3438 865 3496 quae
877 3417 999 3478 Caesari
1014 3419 1220 3495 lacpraebuit,

106 3503 133 3558 iu
158 3499 211 3558 boc
233 3505 346 3559 imitata
368 3516 489 3578 capram
511 3500 717 3558 Amaltbaeam
743 3497 829 3556 Jovis
858 3499 1012 3557 alumnam.
1043 3501 1217 3556 Oosoeosvs.
1287 3530 1294 3544 ·

107 3581 151 3638 Sic
164 3587 256 3638 autem
271 3587 426 3639 construe:
446 3581 568 3676 Kaioap
581 3574 760 3676 remitteris
771 3597 808 3650 με
823 3579 883 3650 τήν
903 3578 1028 3673 titinius
1042 3571 1115 3652 αἶγα
1130 3580 1219 3634 voio-

105 3657 333 3795 aaa.
354 3657 1218 3796 ...aaut

108 3738 478 3896 momieipitbiisemiuuiopse
498 3758 584 3875 ulici'a
604 3815 748 3873 mulctrale
770 3777 935 3884 auduom
951 3826 1096 3894 postquam
1111 3813 1218 3872 dulcem
1336 3808 1338 3818 ²

107 3896 170 3987 eicit
181 3896 231 3953 utel
240 3897 440 3975 pinguedinem
454 3896 538 3954 lactis
551 3894 696 3967 micuerit,
710 3914 753 3950 me
769 3895 853 3985 etiam
868 3893 990 3985 commun
1006 3893 1038 3950 in
1056 3891 1124 3950 navi
1138 3889 1218 3950 adbi-

108 3974 429 4132 tingimus.
443 3975 583 4113 iiiii
596 3977 1016 4135 {iiaiiiiigti‘iil
1038 3973 1105 4030 a..
1128 3991 1217 4030 ''W''

144 4132 331 4211 *fflmitatus
359 4139 406 4192 est
424 4134 600 4192 clarissimus
620 4133 697 4188 Sam.
719 4131 861 4206 Johnson,
883 4131 919 4189 de
940 4131 1029 4206 capri
1051 4127 1216 4204 losephum

110 4211 195 4270 nanu
207 4210 269 4291 (qni
284 4216 314 4270 in
328 4210 481 4270 historiam
495 4211 659 4269 naturalem
674 4209 795 4286 ejusque
812 4211 955 4269 studiosos
979 4211 1102 4285 insigniti
1126 4209 1215 4266 bene-

111 4291 170 4350 licia
187 4296 216 4348 et
233 4291 356 4349 contulit
375 4295 407 4346 et
426 4288 555 4369 confert)
578 4293 608 4347 iu
634 4291 727 4364 longis
748 4292 983 4367 navigationibus
1006 4289 1152 4348 comitati.
1174 4287 1214 4346 T.

111 4369 207 4428 Yovro.
246 4369 290 4427 En
304 4369 528 4464 semicolonad
540 4386 612 4457 qnos
627 4369 731 4426 alludit
745 4373 855 4465 amicus
869 4377 968 4428 noster
983 4370 1160 4450 ingepiosus‚
1175 4385 1214 4426 ex

113 4464 220 4606 titt
238 4448 675 4606 litttat'ttttsttt
690 4448 1045 4604 ttt⁰bt{‘1tit⁰'⁰⁵
1073 4446 1213 4528 austu,
