3034 5217
229 366 279 436 54
626 382 990 434 mammem.

218 588 222 605 .
278 526 356 600 Καὶ
372 525 448 627 μήν
467 524 661 599 Τάνταλον
678 524 840 615 εἰσεῖδον,
850 523 984 621 χαλέπ’
1001 524 1100 621 ἄλγε’
1116 524 1260 625 ἔχοντα,
1413 504 1417 511 ’

228 649 398 726 ‘Eam’
413 651 454 725 ἐν
470 648 592 748 λίμνη·
617 648 641 748 ἦ
657 648 696 722 δὲ
711 648 936 746 προσέπλαζε
952 650 1088 751 χενείρ·

226 777 368 853 Στεῦτο
385 774 425 849 δι’
440 774 594 877 διψάων,
611 772 724 849 πιέειν
739 773 776 847 δ’
791 774 860 849 στἐκ
877 774 974 873 εῖχεν
989 776 1147 853 ἑλέσθαι·

225 898 380 974 Ὀσσάκι
395 898 467 995 χάρ
484 896 605 999 κύψει’
620 899 643 972 ὁ
656 898 783 997 γέρων,
797 897 911 973 πιέειν
925 901 1137 997 μενεαίνων,

230 1022 381 1122 Τοσσάχ’
399 1023 493 1121 ὕδωρ
510 1020 719 1097 ἀπολέσκετ’
736 1020 951 1121 ἀναθρσχέν·
975 1023 1073 1124 ἀμφὶ
1088 1026 1130 1101 δέ
1144 1030 1251 1104 πσσσδ
1308 1034 1385 1106 505

224 1152 327 1223 Γαῖα
343 1147 502 1247 μέλαινα
517 1146 686 1245 φοίνισκε,
702 1146 954 1245 καταζήνασκε
970 1147 1009 1222 δέ
1024 1150 1174 1248 δαίμων.

110 1340 115 1351 .
224 1270 385 1369 Δένδρεα
403 1270 436 1345 δ’
454 1269 665 1373 ὑψιπέτηλα
681 1270 915 1371 κατάκρηθεν
925 1270 988 1368 χέε
1005 1274 1163 1371 καρπάν,

99 1434 104 1439 -
227 1398 381 1491 Ογχναι,
398 1396 462 1469 καὶ
478 1396 586 1491 ῥοιαὶ,
602 1396 667 1469 κατ’
682 1392 816 1494 μηλέαι
832 1394 1097 1494 ἀγλαόκαρποι,

222 1522 355 1593 Συκαῖ
365 1546 404 1592 τε
420 1521 606 1615 γλυκεραὶ,
621 1520 687 1593 κατ’
704 1518 829 1594 ε’λαῒαι
843 1520 1075 1619 τηλεθόωσαι·

227 1644 307 1717 Τῶν
324 1642 419 1718 ὁπότ’
437 1642 560 1717 ι’θτίσεί
576 1642 725 1740 ἁμέραν
741 1643 802 1717 ι’ττὶ
814 1646 917 1741 χερσὶ
932 1646 1132 1743 μιίσασθαι,
1304 1656 1382 1727 500

227 1770 339 1843 Τσίσδ’
356 1750 485 1867 ἀνεμοε
502 1770 677 1867 ῥίπτασκε
693 1770 779 1844 ποτὶ
794 1768 910 1869 νέφεα
926 1770 1102 1847 σκιόεντα

272 1894 351 1968 Καὶ
366 1894 441 1995 μήν
458 1894 631 1993 Σίσυφον
647 1896 810 1983 εἰσεῖδον,
824 1895 966 1993 κρατέρ’
983 1895 1083 1993 ἄλγε’
1099 1898 1243 1996 ἔχοντα,

218 2017 335 2094 Λάαν
349 2017 580 2114 βαστάζοντα
596 2018 774 2115 πελίιροον
790 2017 1045 2118 ἀμφοτέρῃσιν

223 2144 320 2217 Ητοι
336 2142 355 2217 ὁ
369 2142 447 2241 μέν,
463 2141 744 2243 σκηριπτόμενος
756 2144 886 2241 χερσίν
898 2172 938 2220 τε
954 2145 1063 2219 ποσίν
1077 2174 1129 2236 τε,

220 2270 336 2342 Λάαν
353 2267 428 2341 ἀνω
445 2268 575 2341 ὤθεσκε
592 2268 675 2341 ποτὶ
692 2267 823 2366 λόφον·
847 2268 929 2343 ἀλλ’
944 2266 1004 2345 ὅτε
1019 2270 1149 2368 μέλλοι
1304 2280 1380 2350 595

220 2394 352 2489 Ακρον
369 2388 616 2487 ὑπερόαλέειν,
631 2388 700 2465 τότ’
718 2389 997 2493 ἀποστρέψασκε
1014 2397 1182 2493 κραταιίς

220 2514 347 2605 Αὖτις,
363 2515 488 2589 ἔπειτα
505 2514 653 2589 πέδονδε
670 2516 858 2591 κυλίνδετο
873 2516 969 2593 λάαε
985 2517 1144 2621 ἀναιδής.

220 2640 352 2737 Αάτάρ
369 2637 420 2735 ὄχ’
439 2638 496 2741 ἀψ
514 2638 650 2715 τίσασκε
667 2639 921 2739 τιταινόμενος·
946 2643 1044 2718 κατά
1060 2643 1095 2717 δ’
1111 2645 1215 2744 ἱδριδς

220 2770 360 2867 Εῤῥεεν
378 2768 417 2843 ἐκ
433 2766 580 2866 μελέων,
596 2766 753 2867 κονίη’δ’
771 2769 814 2843 ἐκ
828 2770 961 2868 κρατάς
977 2769 1115 2871 σ’ριίρει.

274 2893 347 2968 Τὸν
364 2890 402 2965 δι’
417 2888 501 2989 μέτ’,
518 2889 704 2992 εἰσενόησα
719 2892 811 2993 βίην
821 2892 1088 2996 Ἡρακληείην,
1301 2904 1377 2976 600

220 3020 401 3095 Εἴδωλον·
427 3016 534 3093 αάτόσ
551 3016 590 3091 δέ
603 3016 677 3115 μετ’
695 3014 910 3093 ἀθανάτοισι
924 3024 1046 3095 θεοῖσι

226 3142 402 3239 Τέρπεται
419 3142 458 3215 έν
474 3140 623 3234 θαλίης,
640 3143 704 3217 καί
724 3142 799 3240 ἔχει
814 3143 1068 3243 καλλίσφυρον
1080 3144 1216 3247 Ἡθην,

219 3270 350 3344 Παῑδα
367 3267 452 3343 Διδς
467 3268 641 3366 μεχσίλοιο
659 3269 724 3341 καὶ
736 3268 856 3368 Ἥρης
867 3271 1143 3366 χρυσοπεδίλου.

217 3394 330 3491 Λμφί
346 3391 385 3465 δέ
400 3420 463 3489 μιν
479 3392 625 3491 κλαγγή
642 3390 781 3467 νεκύων
796 3388 853 3493 ήν,
869 3392 1004 3467 σίανιέν
1019 3392 1076 3484 ἀς,

220 3514 379 3592 Ποίντοσ’
396 3515 628 3614 ἀτυζομένων·
654 3512 734 3605 ὅδ’,
751 3517 883 3614 ἐρεμνῇ
896 3518 1001 3593 νυκτί
1016 3518 1150 3609 εὀικάς,
1301 3522 1375 3595 605
1508 3599 1509 3612 ,

201 3641 370 3743 Τυμνδν
387 3640 490 3733 τόξον
506 3642 607 3738 έχων,
623 3643 689 3717 καὶ
706 3642 767 3715 ε’πδ
781 3642 959 3741 νευρῆφιν
972 3641 1101 3733 ὀϊστόν,

219 3770 349 3845 Δεινὸν
366 3768 591 3857 παπταίνων,
609 3768 680 3843 α’ἰεὶ
695 3766 871 3861 βαλέοντι
888 3766 1020 3845 ε’σικέις.

218 3892 451 3993 Σμερδαλέοε
468 3892 506 3967 δέ
523 3894 559 3966 οἱ
575 3873 669 3992 ἀμφὶ
686 3895 768 3991 περὶ
784 3892 970 3993 στήθεσσιν
986 3892 1132 3991 ἀορτήρ,

134 4009 136 4019 ’
220 4020 380 4117 Χρύσεος
397 4016 443 4119 ήν
459 4018 635 4115 τελαμάν,
659 4018 722 4091 ἵνα
738 4017 901 4091 θέσκελα
918 4018 1009 4113 ἔργα
1024 4015 1183 4107 τέτυκτο,

218 4149 360 4241 Λρκτοι
376 4142 415 4232 τ’,
433 4142 624 4241 ἀγρότεροί
638 4168 675 4215 τε
694 4141 786 4230 σιίες,
797 4141 962 4239 χαροποί
976 4167 1014 4215 τε
1031 4140 1182 4233 λέοντες,
1300 4146 1374 4217 610

219 4270 392 4367 ’Υσμῖναί
406 4297 455 4357 τε,
470 4266 586 4366 μάχαι
601 4294 651 4355 τε,
667 4265 775 4364 φόνοι
790 4264 832 4355 τ’,
848 4264 1107 4362 ἀνδροκτασίαι
1122 4294 1171 4341 τε.

218 4391 290 4491 Μή
308 4391 579 4491 τεχνησάμενος,
594 4388 679 4489 μηδ’
698 4388 790 4463 ἀλλο
805 4416 841 4463 τι
856 4388 1080 4490 τεχνήσαιτο,

217 4515 286 4593 Ὃς
302 4525 424 4589 κεῖνον
440 4514 630 4612 τελαμῶνα
648 4512 690 4607 ε’,ἤ
706 4511 901 4608 ε’χκσίτθίτο
917 4512 1036 4612 τέχνη.
