3034 5217
58 80 64 153 i

58 334 60 407 y
307 331 369 386 aa
642 321 785 383 aaran
806 321 851 382 ra
873 317 1094 382 rranuauu.

229 443 371 519 280.[99‚
381 458 440 513 ato,
456 437 554 496 Schol.
569 438 744 496 Theronem
755 438 902 514 intelligit.
924 435 970 495 Εε
985 435 1120 513 Schedia]
1141 421 1195 496 Ed.
1206 433 1345 502 111.”-τίς
1355 443 1398 504 ἑός

305 516 487 596 μεχαλοίνωρ
500 525 546 575 est
563 517 677 595 Ulyscec,
693 517 776 594 cujus
791 521 913 574 astutiae
930 516 1005 574 beuti
1020 520 1158 574 convenil
1175 516 1293 576 verbum
1311 519 1401 581 ἔσανεν.

305 597 436 673 Hesyclc
461 595 576 670 Σαίνει,
600 599 766 668 κολακεύει,
787 595 1010 673 προσηνεόεειιι,
1033 589 1175 654 θωπεύει.
1211 595 1310 652 Sensus
1331 602 1401 674 igitur

306 682 368 733 esi:
392 675 560 732 Philoctetae
574 676 732 733 amicitiam
746 675 892 732 blanditiis
907 695 1064 753 expncgnore
1079 693 1133 732 αοιι
1143 673 1248 732 erich-it
1259 675 1320 732 olim
1330 697 1402 757 εορη-

308 754 355 811 bas
372 753 488 831 Ulysses,
503 753 685 831 quippesati
704 754 861 812 mittitote
887 753 954 835 (σόν
974 751 1111 832 empna)
1134 760 1264 826 coactus,
1284 773 1335 830 quo
1354 763 1401 816 siue

308 833 449 890 Herculis
465 834 532 889 telis
546 833 672 908 'l’roy'am
686 836 752 908 capi
768 852 823 890 uon
846 852 932 908 posse
956 836 1147 891 constitutum-
1160 839 1235 890 erat.
1275 833 1355 892 Simul
1372 845 1403 894 ta-

306 929 374 968 men
399 914 555 985 respicitur
569 911 598 968 h.
613 911 632 967 l.
648 913 685 968 ad
710 915 805 987 ipsum
829 913 990 970 Hieronem
1015 911 1137 988 ejusque
1162 913 1302 968 iuimicus.
1329 913 1404 974 hunil

305 992 385 1047 enim
400 995 499 1065 poeta,
513 989 686 1063 Hieronem,
701 995 834 1066 quamvis
856 992 959 1049 morbo
974 1008 1159 1066 oppressum,
1174 994 1284 1048 ceteris
1305 991 1403 1052 Siciliae

306 1071 435 1144 tyrannis
450 1075 537 1144 atque
553 1070 720 1127 civitatibus
734 1077 832 1126 tamen
847 1067 1064 1128 formidabilem
1087 1087 1219 1127 manere.
1262 1068 1296 1126 El
1318 1087 1404 1130 revera

305 1148 380 1205 sicut
409 1146 592 1205 Philoctetae
616 1148 687 1204 olim
710 1149 822 1205 auxilio
845 1150 973 1223 egebant
997 1149 1119 1221 Graeci,
1140 1150 1186 1205 sic
1208 1147 1246 1204 ad
1270 1147 1405 1209 Hieronem

305 1227 415 1288 multae
431 1229 565 1283 civitates
579 1225 797 1302 confugiebant,
813 1245 839 1284 e.
855 1245 883 1302 g.
905 1226 1040 1299 Cumaei,
1055 1227 1158 1302 quibus
1182 1233 1284 1284 contra
1307 1227 1406 1285 Hetrus-

306 1321 357 1362 cos
372 1308 514 1362 auxilium
535 1306 614 1377 tulit,
637 1305 803 1380 Sybaritae,
827 1305 1028 1379 Himerenses,
1055 1307 1251 1382 Agrigentini.
1269 1305 1325 1364 vid.
1339 1306 1405 1365 Diod

306 1381 366 1440 Sic.
379 1388 421 1442 xi.
437 1388 473 1441 48
486 1391 518 1441 et
532 1388 579 1442 53.
604 1425 607 1429 .
621 1385 729 1442 Forsan
740 1385 868 1442 crudelis
883 1385 1038 1460 Agrigenti
1049 1392 1200 1460 tyrannus,
1212 1383 1406 1460 Thrasydeeus,

306 1465 397 1538 patris
412 1460 564 1520 Theronis
577 1480 738 1535 successor,
753 1466 913 1520 amicitiam
927 1463 1067 1522 Hieronis
1082 1469 1268 1538 captaverat.
1307 1463 1331 1521 ls
1346 1468 1405 1522 enin

305 1541 426 1601 biennio
440 1548 509 1598 aule
523 1545 679 1599 victoriam
694 1543 751 1598 hoc
762 1544 892 1599 carmine
906 1542 1089 1601 celebratam
1099 1543 1229 1618 imperio
1239 1545 1341 1617 potitus
1350 1551 1406 1599 erat

288 1687 291 1691 ἴ
307 1617 369 1700 (01.
385 1621 489 1678 lxxvii.
507 1625 531 1678 1.
547 1622 606 1677 rid.
622 1621 708 1678 Diod.
724 1625 764 1678 xi.
781 1618 845 1702 53.)
879 1621 957 1680 Hinc
970 1619 1149 1698 μεγαλάνωρ
1164 1623 1300 1696 proxime
1313 1622 1405 1696 quiden

307 1699 344 1756 ad
359 1698 504 1773 Ulyssem,
518 1700 573 1756 sed
585 1701 671 1756 simul
687 1703 779 1757 etiam
792 1700 831 1756 ad
844 1702 1011 1776 quempiam
1030 1703 1107 1759 inter
1131 1699 1272 1756 Hieronis
1293 1703 1405 1774 aequales

306 1776 473 1853 principem
486 1784 613 1854 spectat,
625 1782 692 1835 sive
716 1778 952 1854 lbcasydaeum
967 1783 1030 1837 sive
1055 1781 1148 1854 ipsum
1172 1778 1352 1848 Thebanam,
1371 1783 1405 1835 cui

307 1857 423 1931 Olymp.
439 1856 531 1915 lxxvi.
548 1861 573 1914 l.
590 1857 627 1913 ob
643 1857 861 1916 Himereusium
877 1854 1072 1924 rebellionem
1087 1875 1161 1932 opus
1182 1855 1281 1914 iuerat
1303 1861 1405 1914 amicitit

308 1934 455 2008 Hieronis,
470 1935 573 2017 (Diod.
589 1939 629 1992 xi.
645 1935 707 2016 48.)
732 1937 780 1994 vel
805 1937 929 2013 denique
961 1937 1144 2010 Anaxilaum,
1167 1935 1361 2011 Rhegiuorum
1375 1945 1405 2010 ty·

307 2012 439 2087 caunum,
455 2018 504 2090 qui
520 2033 607 2090 quum
623 2016 731 2073 Locros
747 2015 964 2096 Epizephyrios
979 2016 1059 2074 bello
1074 2022 1181 2090 petere
1197 2015 1301 2088 uellet,
1324 2015 1404 2072 Hiero

305 2095 350 2150 uis
365 2099 446 2152 metu
460 2095 618 2152 deterritus
632 2097 789 2152 amicitiam
808 2095 883 2153 illius
903 2103 1008 2170 petere
1023 2101 1142 2152 coactus
1155 2103 1212 2152 est.
1234 2093 1348 2152 Guntia

350 2176 513 2230 roo-104.
532 2171 628 2243 φαντὶ
642 2170 730 2248 di—]
751 2173 832 2235 Ordo
847 2180 913 2231 est:
931 2171 1004 2246 φασί
1024 2173 1057 2232 di
1079 2172 1205 2250 Ἡρωας
1219 2173 1362 2234 α’ντιθέονς
1374 2173 1406 2230 ll·

304 2253 370 2310 θεῖν
384 2249 648 2322 μεταλλάσσοντας
663 2254 745 2329 [lege
768 2251 1024 2326 μεταλοίσσοντας,
1049 2253 1066 2312 i
1086 2252 1259 2326 μεταλτίζω,
1281 2271 1317 2310 ex
1337 2250 1404 2324 λόζω,

308 2328 443 2403 λα’ζομαι,
457 2334 527 2406 quia
550 2349 655 2388 versus
673 2335 787 2405 respuit
808 2333 919 2406 duplex
935 2331 977 2408 l,]
1007 2330 1168 2406 Λημνόθεν
1194 2333 1339 2394 Ποίαντος
1358 2333 1403 2388 tiit

307 2409 448 2483 τοξότην,
468 2407 550 2467 ἕλκει
570 2409 673 2486 τειρόμ
690 2428 752 2467 νον*
795 2409 898 2468 Dicunt
925 2411 999 2468 enim
1021 2412 1118 2468 heroas
1143 2412 1258 2472 όίυίιιοι
1284 2411 1402 2490 [Ulyssem

306 2490 370 2544 scil.
385 2495 416 2545 et
432 2488 462 2544 N
464 2430 689 2563 eoptolemumi
696 2488 801 2546 venare
816 2502 843 2547 at
857 2509 945 2548 seuam
961 2491 1123 2548 abducerent
1143 2493 1158 2550 ,ὲ
1181 2492 1289 2550 Lemno
1304 2490 1403 2548 Poeantis

259 2635 263 2648 .
299 2567 396 2644 filiam
409 2567 595 2644 sagittarium,
609 2567 698 2624 ulcere
712 2567 913 2626 tabescentem:¹
930 2569 1115 2627 Philocteteo
1129 2571 1194 2630 scil.
1211 2568 1403 2644 ''maalvilla-

307 2664 374 2716 τας,
391 2645 473 2702 Edin.
490 2651 547 2702 lita.
562 2645 809 2720 perapeldovcac,
824 2647 934 2706 Boeck.
952 2645 1171 2720 Hocbsraiaoc.
1196 2651 1229 2708 P.

229 2707 295 2784 28³1.
351 2729 415 2781 105.
435 2725 488 2786 ‘oe
506 2722 707 2802 Πριόμοιο-]
729 2722 813 2790 ὅστις
833 2727 1030 2800 Φιλοκτήτης
1047 2727 1109 2801 τὴν
1124 2727 1207 2790 Ilico
1218 2727 1359 2806 ἐπόρθησε,
1368 2725 1402 2782 tui

306 2799 358 2860 ἐπὶ
371 2802 456 2866 ,τέλος
475 2804 564 2878 ἤχαχε
588 2807 650 2867 τοῖς
671 2806 799 2877 Ἐλλησι
823 2807 892 2869 codo
918 2804 1033 2870 πόνους·
1054 2811 1157 2882 dieite
1171 2809 1234 2887 yclp
1247 2809 1303 2868 τόν
1316 2805 1401 2882 Πόριν

286 2951 291 2960 Ι
305 2884 427 2940 dotavit
436 2878 492 2954 μέν
510 2880 564 2939 καί
574 2883 718 2955 iduvare)
730 2885 846 2956 σώματι
862 2884 1002 2958 βαδίζων,
1012 2887 1094 2946 ditet
1109 2888 1322 2968 μεμοιραμένον
1336 2880 1400 2958 riori

233 2962 237 2971 '
306 2962 368 3033 την
384 2960 464 3018 Ιλιον
477 2963 593 3019 ἀλῶναι
609 2967 671 3025 τοῖς
684 2962 877 3041 Ἡρακλείοις
893 2963 997 3039 τόξοις.
1020 2961 1109 3026 Schol.

351 3035 512 3098 1094-111.
538 3039 629 3098 Οὕτω
642 3042 849 3121 &liparea-J
869 3042 1005 3118 eleuet,
1020 3043 1103 3120 φησί,
1122 3047 1169 3119 τῷ
1188 3041 1301 3145 Ἱέρωνι
1320 3046 1335 3104 ό
1353 3043 1400 3102 tra

307 3119 443 3196 όρθωτηρ
458 3116 509 3175 καί
522 3119 617 3196 ιάτήρ
630 3120 753 3195 γένοιτο,
768 3124 804 3184 ὡς
822 3121 873 3182 καί
889 3126 933 3196 τῷ
951 3123 1140 3206 Φιλοκτήτῃ.
1163 3135 1237 3198 φησι
1252 3125 1308 3201 peip
1328 3120 1403 3179 Accii

233 3220 237 3224 ·
306 3205 379 3269 σιος,
393 3203 534 3274 χρησμοῖς
561 3197 739 3262 Λπόλλωνος
764 3201 1004 3274 decimodecino
1029 3206 1083 3262 τόν
1111 3203 1313 3276 Φιλοκτήτην
1329 3203 1401 3272 α’ρια-

226 3348 232 3359 ἰ
308 3279 410 3345 νῶσαι,
425 3277 479 3331 τόν
492 3274 526 3332 δὲ
541 3276 693 3352 Μαχόοιά
707 3277 864 3350 α’φελόνία
880 3283 936 3340 τοῦ
950 3282 1052 3346 ἕλκους
1069 3283 1126 3346 τοῖς
1151 3281 1337 3344 όιασαπείσας
1355 3279 1402 3354 ill

309 3374 375 3425 κας,
411 3351 462 3413 καί
489 3357 694 3415 ἐπικλόσαντα
722 3362 793 3429 οἴνῳ
827 3361 864 3418 τό
894 3363 1025 3438 τραῦμα,
1053 3361 1195 3420 ἐπιπόσαι
1222 3361 1353 3434 duodoni,
1374 3358 1397 3428 ἦν

308 3432 483 3504 Ᾱσνληπιός
499 3432 617 3507 atiriaco
631 3438 712 3513 παροί
726 3435 892 3514 Χείρωνος,
906 3439 956 3497 καί
967 3439 1062 3503 οὕτως
1079 3443 1255 3516 ὑγιασθῆναι
1267 3441 1319 3497 τόν
1333 3435 1399 3514 ἥρωι.

307 3510 404 3575 οὕτως
418 3506 469 3570 οὖν
483 3510 534 3570 καί
554 3518 600 3587 coi
622 3513 790 3591 Ἱέρωνι-ὸ
805 3517 874 3582 θεός
887 3519 1024 3596 όρθωτηρ
1039 3519 1091 3578 καί
1106 3518 1216 3595 ὑγιείας
1230 3525 1322 3582 αἴτιος
1334 3515 1400 3592 χέον·

309 3609 346 3649 το
366 3592 408 3654 εἰς
433 3593 488 3648 τόν
512 3593 646 3665 ἐσόμενον
671 3593 787 3671 χρόνον,
809 3589 851 3655 οἷν
877 3600 1016 3671 ἐπιθυμοῖ
1039 3597 1190 3676 εὐχέρειαν
1219 3595 1397 3676 παρεχόμενος.

311 3669 399 3728 schot.
422 3671 479 3728 Sed
496 3671 564 3729 vide
580 3672 668 3747 snpra
683 3675 718 3729 ad
733 3693 761 3731 v.
778 3679 824 3733 91.

353 3754 517 3807 lla-121.
539 3751 651 3824 Μοῖσα,
668 3749 721 3808 κατ’
733 3755 798 3831 ποίρ
813 3754 993 3832 Δεινομένει]
1018 3753 1113 3828 Macra,
1137 3757 1291 3849 obteinpcra
1308 3751 1397 3811 ahia

310 3847 396 3886 cauas
410 3829 494 3885 eciam
508 3829 585 3907 apud
599 3829 781 3888 Dinmneoem
795 3836 902 3891 ποιναν
922 3834 1106 3913 τεθρίππων,
1119 3856 1274 3913 praemicare
1295 3831 1397 3892 miodo

310 3906 475 3984 quadn'y'ago
503 3926 585 3964 crtrru
614 3910 651 3966 ab
680 3909 813 3968 Hierone
843 3919 955 3988 partae.
978 3912 1134 3991 νικηφορώι
1148 3913 1182 3972 δὲ
1196 3913 1316 3992 πατέρος
1329 3903 1396 3988 [liti]

310 3983 413 4062 χοίρμα
427 3988 478 4042 oda
495 3985 665 4065 olliticptoo,
678 3989 799 4047 victoria
813 3991 886 4048 caim
897 3992 992 4070 patris
1005 3999 1051 4050 est
1061 3993 1196 4072 gaudiam
1211 4013 1265 4052 noa
1277 3983 1396 4051 damni

310 4063 383 4122 lilio.
403 4062 523 4142 [Refert
536 4067 725 4139 scholiastes,
740 4086 780 4126 ex
795 4069 916 4128 Philisto
931 4080 962 4128 et
977 4069 1113 4144 Timaeo,
1128 4071 1316 4130 Dinomenem
1329 4067 1395 4126 filium

310 4141 399 4200 fuisse
426 4143 563 4200 Hieronis
587 4145 603 4200 ἐ
626 4145 761 4204 Nicoclis
784 4147 956 4224 Syracusani
986 4149 1045 4208 lilii
1066 4159 1252 4228 susceptum
1273 4148 1301 4230 (ci
1321 4148 1392 4222 priore

206 4255 209 4260 -
311 4225 390 4278 enim
405 4239 497 4280 uxore
522 4223 660 4280 Anaxilai
682 4221 752 4298 filii,
768 4233 799 4284 et
823 4225 973 4286 Theronis
997 4229 1183 4302 consobrini,
1201 4231 1270 4288 nulli
1289 4229 1358 4285 erant
1373 4222 1392 4276 el

311 4301 398 4357 liberi
409 4299 432 4379 ς)
451 4301 524 4358 οιιόὲ
539 4301 627 4358 etiam
642 4321 747 4362 nomen
764 4303 816 4362 filii
833 4305 909 4363 idem
925 4313 990 4364 erat
1003 4325 1039 4364 ac
1053 4311 1117 4377 svi;
1148 4308 1319 4368 Dinomenes
1337 4303 1391 4358 eall

311 4385 376 4436 erat
390 4383 478 4469 pater
490 4377 651 4457 Hieronis]
673 4382 741 4461 lige,
756 4403 832 4442 nuuc
847 4402 920 4442 caue
936 4387 1038 4446 laudes
1049 4387 1207 4458 Hieronis;
1228 4385 1390 4524 όιλοοιμρζζ

311 4467 369 4514 tam
383 4477 446 4515 ecco
466 4470 562 4516 iteam
575 4459 704 4536 hymnam
719 4465 774 4536 ipsi
789 4462 948 4522 Diuomeui
964 4465 1067 4526 detnae
1083 4465 1152 4605 νιῆό,
1167 4469 1214 4524 cui
1234 4460 1336 4524 νεόοοιὶ

312 4534 411 4594 &viad
425 4536 436 4592 1
441 4537 447 4548 ’
464 4530 549 4596 artati
558 4537 700 4614 όοιιαίαιπ,
714 4539 844 4620 Hyllioat
853 4563 966 4606 nonnae
981 4544 1083 4625 legibus
1127 4565 1187 4605 tero
1200 4542 1317 4607 coadidit.
1329 4537 1388 4617 [lta-
