3034 5217
409 325 554 386 uorsa
577 326 623 388 ru
651 326 874 390 omninum
1118 379 1124 390 .
1149 337 1204 396 ιιι
1294 317 1298 326 ’
1329 367 1363 425 9

27 465 37 478 ·
62 447 173 522 ἤγουν
188 447 244 505 τόν
258 443 402 518 Λλφειόν.
422 446 516 507 scoot.
558 449 691 526 Alpheus
715 453 793 508 enim
816 468 889 526 prae
911 451 1020 510 ceteris
1039 448 1209 510 huminibus

61 527 147 586 Jovi
162 544 256 587 curae
271 528 411 602 cordique
427 545 492 585 esse
507 529 695 588 credebatur.
735 530 811 588 Vide
828 529 950 587 Pansan.
964 530 999 587 V.
1019 534 1062 588 13.
1085 529 1207 588 Genaua

112 610 249 664 29-33.
274 603 673 686 Testamentum-1
693 607 785 668 Haesi
811 611 841 667 in
862 610 1018 684 prioribus,
1034 611 1111 686 quod
1131 607 1210 685 juste

63 691 105 742 et
120 686 228 762 injusti
241 683 319 742 lacta
333 685 370 742 de
386 685 537 744 Theronis
561 686 719 764 majoribus
741 687 823 768 (nam
843 687 879 746 de
902 688 948 746 his
962 693 1033 766 agit,
1047 686 1084 746 cf.
1099 707 1128 748 v.
1147 691 1191 747 15.

62 765 244 839 praedicat.
284 761 395 822 Venim
410 765 498 823 rideo
513 767 779 902 interpurzglendum
790 783 855 824 esse
867 769 965 845 aliter,
977 775 1008 825 et
1021 771 1053 826 έν
1067 763 1141 840 δίκᾳ
1156 770 1176 824 κ’

64 843 164 920 καραί
176 841 270 902 δίκαν
284 841 474 902 referendum
485 845 521 902 ad
534 863 595 920 sqq.
693 845 855 925 praeteritis
863 848 966 904 mutari
973 857 1059 926 potest
1069 845 1143 904 nitu
1152 846 1209 904 ullo

63 924 172 995 modo,
186 941 237 979 aec
246 943 300 1002 per
313 921 368 1018 sos
381 942 431 980 aec
452 943 505 1002 per
524 922 623 1003 nefus:
643 926 659 982 0
682 922 787 1001 χρόνον
813 927 846 984 οι)
865 924 992 984 δύναιτο
1011 928 1044 984 έν
1061 921 1135 998 δίνᾳ
1157 921 1209 982 καί

66 1002 164 1078 παραὶ
175 1000 268 1060 δίκαν
282 1003 376 1075 θέμεν
389 1000 537 1074 όποιὴτόν
551 1021 584 1060 τι
599 1006 661 1060 τῶν
675 1023 765 1077 πεπρ.
786 1005 888 1082 ἔργων.
910 1003 1020 1062 Harsa.
1048 1003 1065 1024 ''
1074 1003 1207 1062 Boeckh.

67 1097 147 1137 cnm
160 1081 303 1138 Hermen.
322 1078 416 1139 refert
431 1082 468 1139 ad
483 1082 702 1157 praecedentia.
737 1085 891 1142 Sententia
905 1089 951 1141 est
973 1081 1207 1160 generalis-V.

68 1163 127 1216 36.
143 1158 336 1234 παλίγκοτος,
349 1159 474 1240 insertus,
488 1159 626 1219 οόνιτιυι.
648 1161 679 1220 Ρ.

117 1243 169 1296 39.
189 1239 322 1297 ‘Euoras
335 1236 369 1296 όέ
385 1238 524 1316 λόγοι-1
544 1236 662 1304 odanco
687 1239 772 1316 λόγος
795 1242 963 1316 ακολουθεῖ,
988 1239 1056 1312 ἤτοι
1079 1237 1208 1320 όρμόζει,

71 1314 134 1375 καί
150 1322 220 1380 ταῖς
241 1321 301 1375 rori
317 1318 442 1390 Κοίόμου
457 1315 568 1395 κόραις·
589 1322 728 1398 popelinae
749 1321 808 1398 γαρ
831 1323 933 1378 κακῶν
953 1321 1106 1394 τυχοῦσαι,
1128 1313 1228 1399 (1νοῖ

69 1395 214 1470 Σεμέλη,
242 1397 390 1473 Λότυοόη,
405 1397 536 1478 Λχαυὴ,)
562 1397 656 1458 πόλιν
677 1401 711 1457 έκ
733 1399 902 1472 μεταόολῆα
926 1395 1067 1474 percitos
1088 1400 1210 1474 οίχαθῶν

71 1474 289 1550 ἐκοινώνησαν.
308 1471 342 1536 εὖ
361 1479 394 1536 σέ
415 1479 478 1535 τῶν
498 1477 626 1552 Κάδμου
644 1477 823 1557 θυγατέρων
847 1479 891 1536 τό
908 1477 1097 1556 παράδειγμα
1117 1477 1209 1556 φέρει.

73 1552 179 1613 &meld
203 1554 320 1634 Θήρων,
340 1557 455 1615 ἄνωθεν
481 1557 619 1631 Θὴόαίοτ,
639 1560 681 1622 είς
706 1558 802 1618 Λάϊον
824 1557 931 1632 α’νόγει
950 1557 987 1614 τό
1003 1555 1095 1632 γένος.
1115 1557 1210 1614 Sehol.

73 1633 241 1711 εὐθρόνοις,
256 1640 275 1694 i.
290 1654 318 1708 e.
332 1653 407 1712 quae
423 1636 539 1695 meliori
555 1643 642 1696 antea
656 1637 866 1711 fortuni-usae,
882 1639 963 1713 quasi
977 1635 1010 1694 κἰι
1031 1636 1100 1694 solio
1112 1635 1212 1714 setici-

76 1713 151 1770 tntis
164 1709 326 1772 collocatae
350 1717 544 1775 erant-Sed
569 1721 660 1792 possit
682 1720 771 1775 etiam
791 1718 944 1792 epitheton
969 1715 1026 1776 hoo
1051 1713 1160 1773 referri
1174 1715 1211 1774 ad

75 1799 272 1867 praesentem
287 1793 413 1852 filiarum
428 1793 530 1853 Cadmi
538 1796 753 1869 ‘conditionem
769 1797 819 1853 vel
841 1795 877 1852 ad
899 1813 1001 1852 earum
1017 1796 1209 1854 divinitatem.

77 1871 206 1930 Genua„
235 1870 253 1891 ''
263 1873 369 1932 libere
385 1874 504 1936 Scholia
518 1881 549 1932 et
561 1876 620 1932 alia
639 1878 845 1951 nonnunquam
864 1877 961 1949 repeti
973 1874 1162 1933 videntur-
1175 1873 1210 1930 V.

79 1955 132 2008 οἳ.
153 1953 180 2009 θ’
193 1950 320 2025 έιιίτνει,
334 1951 450 2028 imperf.
465 1971 520 2028 pro
534 1951 568 2011 δέ
582 1958 695 2028 πιτνεί,
710 1953 843 2012 Boeckh.
867 1953 897 2012 P.
965 1973 967 1978 ’
1405 1983 1411 1996 ⁴

124 2035 253 2088 44-50,
271 2031 348 2090 Zaira
362 2030 472 2108 μὲν-]
495 2033 625 2092 Primum
640 2035 811 2110 exemplum
827 2033 971 2106 Semeles,
993 2031 1072 2090 filiae
1095 2030 1210 2103 Cadmi,
1222 2035 1291 2090 272.
1401 2065 1412 2082 ι

80 2127 160 2185 quae
175 2109 296 2168 fulmine
310 2113 498 2186 interempta,
514 2117 543 2170 in
565 2113 710 2171 Dirarum
734 2129 891 2170 numerum
915 2109 969 2168 suit
991 2113 1094 2168 relata.
1135 2110 1210 2168 Vide

80 2190 173 2246 Ovid.
197 2188 268 2248 Met.
289 2185 341 2247 lib.
363 2193 405 2248 iii.
426 2194 493 2248 260.
520 2193 656 2249 Scaumr.
677 2196 749 2256 ταῖς
775 2193 790 2250 ὁ
816 2189 1001 2269 κισσοφόρος]
1023 2192 1038 2248 ό
1064 2186 1210 2252 Διόνυσοι.

126 2353 172 2406 61.
193 2346 378 2424 Aeropes-l
401 2352 419 2406 i.
435 2367 462 2406 e.
479 2347 645 2424 Λέγουσι-
665 2350 831 2408 Secundum
846 2351 1017 2426 exemplum
1040 2347 1115 2420 iniis,
1141 2349 1213 2406 alte·

82 2430 145 2485 rins
159 2427 237 2486 filiae
253 2425 367 2500 Cadmi,
382 2447 456 2503 quae
480 2426 581 2485 furore
606 2436 745 2506 correpta
767 2433 795 2488 in
821 2448 901 2487 mare
927 2447 959 2486 se
983 2430 1211 2506 praecipitarit;

82 2507 139 2563 sed
154 2510 181 2564 in
197 2505 364 2564 Nereidum
377 2524 531 2565 numerum
547 2515 740 2584 recepissem,
755 2515 786 2567 et
800 2527 876 2566 nunc
901 2507 1091 2566 Leucotheae
1106 2524 1213 2564 nomen

85 2585 184 2722 grosboc
226 2585 300 2652 Vide
326 2585 450 2644 Homer.
474 2587 577 2663 Odyss.
601 2607 626 2661 ε,
651 2593 720 2647 333.
743 2594 776 2646 et
803 2588 889 2647 Osid.
919 2588 990 2645 Met.
1012 2586 1062 2644 lib.
1084 2587 1123 2644 ir.
1144 2592 1214 2644 541.

125 2683 222 2722 surm.
1067 2666 1081 2697 ⁸

127 2748 252 2802 sir-61.
274 2743 412 2821 Haut-1
434 2744 482 2803 Sic
495 2750 648 2804 construet
670 2745 753 2803 Ητοι
769 2749 872 2824 πεῖρας
887 2725 1026 2804 eastris
1047 2743 1158 2821 βροτῶν
1182 2762 1216 2802 ου

85 2841 120 2880 τι
136 2821 279 2900 κέκριται,
296 2822 375 2881 Certi
389 2825 520 2881 tenuium
533 2825 676 2903 martir-[i.
692 2844 719 2882 e.
734 2825 825 2900 mors]
844 2825 1003 2882 mortalium
1025 2843 1080 2880 υου
1102 2822 1215 2892 οιηυίυό

88 2903 210 2980 τυχαίου
224 2914 270 2976 ert,
284 2899 351 2961 οόόέ
368 2901 545 2980 [κέκριται,]
560 2903 654 2963 dardae
673 2900 891 2976 τελευτήσομεν
916 2902 1064 2978 ἡσύχιμον
1090 2899 1215 2978 ἡμέραν,

86 2983 174 3040 παῖδ’
189 2980 281 3054 ἡλίου,
293 2981 351 3040 σόν
364 2985 483 3059 decepsi
491 2984 606 3057 olynilqi,
622 3003 706 3061 neque
727 2982 865 3062 cognitum
889 2994 936 3053 or,
959 2981 1066 3059 ροοιιόό
1081 2979 1215 3058 finimur

88 3060 162 3117 diem
175 3061 364 3138 tranquillum,
371 3062 468 3139 fitium
493 3062 576 3136 Solia,
598 3063 706 3140 integro
729 3081 791 3118 oum
814 3063 891 3120 dorso.
913 3061 1009 3119 παῖσα
1029 3057 1063 3117 ol
1087 3057 1215 3130 ἡλίου-

88 3141 179 3218 inquit
192 3140 381 3214 scholiastes,
396 3141 456 3212 τὴν
474 3140 585 3218 ἡμέραν
602 3143 698 3216 καλεῖ,
707 3138 773 3200 ἐπεί
787 3142 803 3200 ὁ
819 3138 904 3213 ἥλιος
916 3141 977 3213 τὴν
992 3139 1107 3218 ἡμέραν
1120 3141 1214 3215 γεννᾷ

86 3217 270 3277 ἀνατέλλων.
290 3218 603 3297 ”κρίνω,1υόεσενυο.
626 3221 657 3278 P.

129 3302 175 3371 63,
190 3302 236 3356 6‘4.
257 3298 432 3378 Εόθυμιιῖν]
455 3299 528 3356 Dor.
543 3317 611 3375 gen.
627 3302 666 3376 pl.
691 3318 746 3375 pro
771 3301 925 3371 sddoproiv.
946 3295 1030 3358 θέλει
1052 3295 1085 3356 δὲ
1106 3297 1214 3368 εἰπεῖν,

87 3373 142 3440 ότι
154 3379 206 3452 οὐχ
219 3371 281 3435 οἷόν
297 3377 332 3436 τέ
346 3382 428 3436 ἐστιν
442 3377 611 3458 ἀνθρώπους
627 3379 718 3442 ὄντας
732 3377 781 3438 ciet
796 3381 827 3436 έν
842 3377 968 3451 εόθυμίρι
986 3374 1114 3453 deotpato,
1134 3377 1217 3435 όλλοῒ
1300 3371 1309 3400 ’

88 3454 211 3519 πόντιος
228 3454 279 3514 καί
292 3457 421 3522 οίτόιιοις
436 3457 635 3533 ἐντυγχάνειν
649 3457 781 3532 α’νόγκη.
822 3457 914 3515 Sclrol.
1120 3525 1125 3534 1

129 3539 175 3594 65.
199 3534 391 3614 otiandi-1
412 3537 499 3616 Atque
513 3538 553 3594 ric
566 3537 673 3609 Ῥανια,
688 3558 756 3614 ptine
771 3545 860 3594 tuetur
876 3548 1022 3614 paternum
1047 3554 1139 3592 eonem
1161 3535 1215 3591 lae-

89 3627 146 3674 tam
152 3614 309 3696 fortunam,
325 3637 386 3674 ουυι
400 3617 501 3673 divisui
516 3616 656 3694 opulentid
670 3618 854 3692 conjunctum,
868 3633 919 3672 eos
934 3613 1009 3670 ducit
1033 3613 1070 3670 αό
1090 3613 1215 3690 alipium

89 3694 258 3754 mundam
273 3695 378 3752 cladem
393 3697 450 3752 alio
466 3705 593 3772 ternpore.
635 3695 692 3752 Pro
706 3695 773 3769 ἄγει
790 3693 922 3769 Heynius
943 3691 1100 3768 legendum
1123 3689 1215 3766 conji-

88 3776 131 3831 cit
141 3774 223 3847 ἄγεν,
238 3784 270 3831 ut
284 3777 322 3832 sit
336 3777 478 3848 temporis
493 3781 588 3848 praet.
605 3771 884 3851 imperi-pdprpoe
899 3772 972 3844 uide,
980 3771 1215 3850 satalitſstiur-

89 3853 216 3928 Oedipus
230 3855 293 3911 scil.
324 3854 398 3911 Vide
415 3853 505 3928 Soph.
521 3853 594 3910 Oed
610 3851 724 3929 Tyren.
738 3851 755 3872 ''
766 3873 825 3910 cum
840 3852 897 3910 dio.
913 3873 956 3930 op.
971 3849 1085 3908 adducit
1101 3845 1214 3910 cladem.

130 3937 175 3989 71.
193 3931 409 4008 όλλαλοφονίᾳ]
431 3931 591 4003 Basanitis
606 3933 662 4009 χόρ
677 3931 728 3989 καί
751 3931 941 4003 Πολυνείκης
965 3932 1113 4005 α’λλὴλους
1135 3931 1289 3990 αἰνεῖ-273.

90 4012 150 4068 λον.
170 4011 261 4070 Schol.
282 4010 299 4032 '‘
311 4010 435 4086 Ευιφνέ
450 4012 486 4084 ot,
500 4029 556 4087 pro
571 4011 697 4085 Πέφνου
713 4015 766 4084 ἑοῖ,
786 4010 918 4068 Boeckh.
940 4011 1016 4086 quod
1040 4011 1146 4086 lleyne
1166 4029 1217 4087 ap·

90 4089 201 4165 prohat.
222 4091 254 4149 P.
970 4111 973 4118 ·

131 4171 175 4227 78.
196 4169 286 4234 Νέας
302 4171 334 4227 έν
347 4168 477 4246 didisse]
497 4187 554 4226 non
569 4172 712 4246 accipiam
728 4171 783 4227 nisi
799 4169 835 4226 de
859 4168 1052 4228 certamiuihu
1059 4170 1216 4246 γὐυιυυοις

92 4265 156 4308 nam
171 4266 276 4325 oppon.
297 4248 392 4324 μα’χαι
414 4247 548 4321 πολέμου.
590 4249 685 4306 Locus
710 4247 826 4306 omnino
851 4249 1000 4323 Epigonos
1025 4252 1164 4324 respicit:
1187 4251 1215 4306 in

93 4345 213 4404 quorum
227 4329 360 4386 laudibus
374 4331 464 4386 etiarn
476 4330 600 4403 όγῶνες,
615 4334 647 4386 ut
658 4331 686 4384 in
698 4327 832 4386 laudibus
843 4331 932 4384 etiam
948 4331 1008 4385 τῶν
1024 4327 1106 4388 σκαιοί
1122 4325 1217 4386 fuere.

109 4407 204 4465 -Vide
218 4407 282 4481 νέα,
291 4407 436 4485 juvenilis,
452 4407 552 4484 Enrip.
569 4407 647 4466 Med.
663 4413 710 4464 47.
734 4407 844 4464 Harsa.
960 4451 965 4460 .
997 4409 1000 4416 ’

134 4490 257 4545 82—86.
275 4487 364 4546 Ὅθεν
385 4485 552 4564 σπέρματος
568 4505 590 4546 s.
615 4487 655 4565 ρ]
675 4488 729 4559 ἀφ’
760 4481 797 4544 οὗ
824 4484 923 4561 γένους
953 4487 1007 4545 τοῦ
1032 4483 1217 4564 Θεροόνόραυ

96 4567 186 4640 ἔχουσι
201 4567 262 4641 τὴν
274 4565 358 4644 ῥίζαν
373 4568 400 4626 ot
414 4563 482 4645 περὶ
502 4566 637 4645 Θήρωνα.
659 4567 697 4625 τό
708 4563 743 4623 δέ
756 4565 838 4640 γένος
861 4563 957 4624 Λαΐου
981 4563 1034 4625 καί
1061 4562 1215 4628 θιθίυοόος
