3034 5217
184 368 232 439 28
580 396 757 446 axonam
774 398 934 447 ιιειιοιοι.

184 532 235 604 ‘0
250 559 304 606 ττι
321 531 361 607 κέ
379 530 407 606 α’
425 534 582 633 εἴρωμαι·
608 534 749 634 φάσθαι
766 538 805 613 δέ
821 562 860 618 σε
876 538 1028 615 κάλλιόν
1044 540 1147 617 ἔστιν.
1172 548 1178 555 ’

183 655 273 734 Εἴπ’
289 654 399 758 ὄνομ’,
414 658 437 734 ό
451 687 505 735 ττι
522 684 561 735 σε
577 668 671 735 κεῖθι
688 662 822 737 κάλεον
836 666 952 766 μήτηρ
970 694 1008 740 τε
1024 668 1144 768 πατήρ
1159 696 1209 761 τε,
1260 678 1335 746 550

181 786 304 857 Αλλοι
320 784 371 873 θ’,
388 788 425 858 σί
439 784 537 858 κατά
553 784 652 876 ἀστυ,
669 788 732 861 καὶ
750 793 788 861 οἳ
803 790 1120 885 περιναιετάουσιν.

186 906 242 980 05
257 907 324 1006 μέν
337 907 410 1007 γάρ
427 936 479 985 τις
496 908 650 1006 πάμπαν
667 910 850 1008 ἀνόινυμός
867 912 933 986 τοτ’
951 914 1157 1012 ἀνθρώπων,

186 1031 243 1105 Οὐ
259 1031 381 1123 κακός,
398 1032 481 1106 odos*
496 1032 562 1130 μέν
579 1032 712 1122 ἐσθλός,
729 1034 821 1135 έπήν
836 1037 884 1109 τά
901 1039 1022 1135 πράτα
1037 1039 1197 1142 γένηται·

179 1154 276 1228 Αλλ’
294 1155 352 1228 ἐπὶ
370 1157 457 1229 πᾶσι
474 1156 645 1244 τίθενται,
661 1156 741 1231 ἐπεί
755 1185 796 1233 κε
813 1158 949 1249 τέκωσι,
963 1162 1097 1261 τοκῆες.

180 1270 278 1356 Εἰπὲ
298 1279 336 1354 δέ
351 1308 414 1378 μοι
429 1280 544 1375 γαῖάν
560 1308 597 1355 τε
614 1281 709 1381 τεήν,
726 1282 842 1381 δῆμόν
854 1306 906 1373 τε,
922 1285 1029 1359 πόλιν
1044 1314 1093 1359 τε·
1258 1297 1332 1368 555

183 1408 295 1504 Οφριι
313 1429 351 1483 σε
368 1406 414 1499 τῇ
430 1402 591 1501 πέμπωσι
607 1403 857 1503 τιτυσκόμεναι
873 1410 978 1505 φρεσί
993 1408 1086 1509 νῆες.

181 1528 241 1600 Οὐ
255 1527 329 1624 χάρ
350 1526 546 1627 Φαιήκεσσι
563 1528 822 1627 κυθερνητῆρες
838 1530 950 1621 ἔασιν,

183 1651 278 1724 Οιίθέ
294 1680 327 1724 τι
345 1650 488 1749 πηδάλι’
505 1651 587 1738 ἐστὶ,
604 1650 678 1725 τότ’
696 1650 809 1726 ἄλλαι
824 1654 906 1752 νῆες
922 1654 1075 1750 ἔχουσιν·

109 1800 112 1807 “
175 1778 272 1852 Am
291 1776 401 1851 αὐταὶ
418 1779 516 1851 ἴσασι
532 1776 700 1877 νοήματα
717 1780 782 1853 καί
797 1778 935 1876 φρένας
951 1779 1099 1877 ἀνδροῖν

138 1956 142 1965 -
178 1904 257 1978 Καὶ
275 1903 419 1977 πάντων
435 1904 533 1976 ἴσασι
551 1903 680 1979 πόλιας
696 1904 761 1977 καί
778 1903 908 1979 πίονας
925 1903 1058 2000 ἀχροιῗς
1255 1913 1329 1983 500

176 2024 400 2123 Ανθρόιπωυ·
426 2026 490 2099 καί
507 2030 644 2123 λαῖτμα
659 2024 802 2122 τάχισθ’
818 2026 906 2102 ἁλός
922 2025 1145 2123 ἐκπερόωσιν,

179 2149 274 2246 Ηέρι
290 2151 354 2223 καί
370 2148 506 2247 νεφέλη
524 2146 806 2246 κεκαλυμμέναι·
831 2146 914 2222 οάθέ
931 2150 1017 2223 ποτέ
1033 2175 1120 2248 σφιν

182 2276 274 2349 Οὔτε
291 2302 325 2349 τι
342 2275 581 2374 πημανθῆναι
596 2272 656 2347 έπι
672 2272 761 2363 δέος,
777 2273 856 2347 οὐθ’
874 2274 1084 2354 ἀπολέσθαι..

669 2584 875 2652 572-586.

174 2774 269 2851 Λλλ’
287 2772 352 2871 ἀχε
368 2804 430 2875 μοι
446 2772 525 2851 τάδε
543 2776 619 2851 εἰπέ
634 2780 699 2852 καί
717 2776 887 2876 ἀτρεκέως
904 2778 1113 2870 κατάλεξον,

175 2900 303 2999 Ὃππη
321 2896 578 3000 ἀπεπλάγχθης
595 2928 643 2991 τε,
660 2903 724 2976 καί
740 2902 888 2977 ἅστινας
905 2903 980 2976 ίκεο
993 2902 1115 2999 χόρος

172 3024 397 3122 Ανθράπων·
423 3025 556 3102 αὐτούς
573 3054 621 3117 τε,
638 3025 760 3103 πόλεις
776 3026 805 3100 τ’
822 3026 865 3101 εὖ
880 3008 1111 3104 ναιεταώσας

150 3212 152 3221 ,
174 3152 221 3223 Η
233 3148 300 3247 μέν
316 3146 393 3223 ὅσοι
406 3150 568 3246 χαλεποί
581 3178 629 3237 τε,
645 3153 710 3225 καί
727 3150 857 3249 ἄγριοι,
873 3149 957 3223 οάθέ
973 3149 1118 3223 δίκαιοι·
1251 3158 1331 3227 575

176 3274 228 3347 of
240 3302 277 3347 τε
294 3273 498 3373 φιλόξεινοι,
514 3276 583 3349 καί
597 3300 685 3374 σφιν
699 3275 783 3352 νόος
799 3276 872 3349 έστί
888 3273 1052 3373 θεουδής.

171 3398 270 3475 Εἰπέ
286 3396 330 3487 θ’,
346 3394 368 3474 ὅ
382 3426 416 3473 ιι
433 3399 570 3476 κλαίεις
586 3400 651 3474 καί
667 3398 812 3496 σ’θιίρεαι
828 3400 948 3472 ένθοθι
965 3398 1080 3500 θυμῷ,

168 3523 349 3619 Αρχείων,
366 3523 535 3612 Δαναόν,
552 3522 608 3623 ἡδ’
627 3524 733 3598 Ιλίου
750 3522 851 3595 οἶτον
867 3521 1019 3595 ἀκούων.

174 3646 246 3721 ww
263 3645 302 3719 λε’
317 3648 401 3720 θεοί
416 3646 483 3744 μέν
499 3646 640 3738 τεόξαν,
657 3646 907 3721 εἰτεκλόσιιντο
923 3645 957 3716 θ’
974 3644 1126 3743 ὄλεθρον

167 3769 396 3866 Ανθρῶποις,
410 3772 474 3873 Ιἵνα
491 3769 549 3867 ᾖσι
567 3772 631 3845 καί
648 3768 889 3867 ἐσσομένοισιν
906 3767 1019 3869 ἀοιθή.
1248 3775 1323 3845 580

169 3896 215 3969 Η
227 3894 278 3969 τίς
295 3924 350 3969 τοι
366 3896 431 3969 καί
447 3897 538 3995 πηός
555 3896 718 3969 ἀπώλετο
736 3893 851 3969 Ιλιόθι
868 3896 947 3991 πρό,

170 4019 311 4095 Εσθλθς
329 4019 395 4093 εἰλυ
410 4021 581 4118 γαμθρός,
599 4020 622 4117 ἢ
639 4018 819 4114 πενθερός,
836 4018 876 4089 οἵ
887 4044 925 4091 τε
940 4016 1097 4115 μάλιστα

167 4145 340 4247 Κήθιστοι
356 4147 551 4233 τελέθουσι,
567 4144 648 4242 μεθ’
667 4142 760 4242 αἷμά
774 4168 813 4215 τε
829 4144 894 4215 καὶ
909 4140 1013 4235 γένος
1030 4142 1174 4236 athrim

167 4270 213 4343 H
224 4270 276 4346 τίς
293 4298 365 4345 που
382 4272 447 4345 καὶ
464 4269 604 4366 έταΐρος
621 4250 713 4365 ἀνήρ
730 4263 972 4362 κεχαρισμένα
989 4265 1097 4355 είθάς,

169 4394 310 4469 Εοθλός
318 4426 332 4487 ,·
360 4396 438 4469 ἐπεὶ
454 4394 499 4468 οὐ
514 4391 580 4490 μέν
597 4420 630 4464 τι
647 4389 880 4487 κασιγνήτοιο
892 4387 1043 4484 χερείων
1245 4392 1320 4463 585

166 4520 326 4611 Γίνεται,
342 4518 379 4597 ός
396 4548 471 4610 κεν,
487 4518 628 4615 ἑταῖρος
645 4514 722 4605 έθν,
739 4510 949 4609 πεπνυμένα
966 4512 1052 4607 είθή.
