3034 5217
415 99 560 160 noras
583 101 629 160 ru
654 65 885 164 sumamma.
1163 115 1220 174 uo

95 223 159 298 μιν*
168 219 276 285 ἄλλων
289 222 414 297 niardo
428 222 553 296 τεκέων,
568 223 713 284 considero
735 224 795 283 uod
817 245 878 284 cum
901 225 968 284 aliis
989 225 1100 288 eaden
1123 227 1221 289 liderc-

96 302 230 374 nnuc
272 299 426 377 ingeniose
440 303 561 379 conjicit
578 304 762 362 doctissimus
785 305 863 364 Frid.
886 305 994 364 Jacobs
1008 325 1063 383 pro
1077 310 1143 382 μετ’
1166 309 1221 368 oil-

97 381 155 437 λων
169 381 355 439 scribendum
368 383 436 453 μετ’
448 383 561 455 ἀστῶν,
576 388 609 440 ut
619 382 762 460 jungatur
775 395 841 443 cum
856 383 927 457 ἔξει,
939 391 970 442 et
979 403 1080 444 sensus
1094 390 1140 462 sit,
1152 409 1220 467 qnos

96 459 846 618 tilltimiitstld‘ttlt...llilll
862 463 1154 617 inilldttttt·
1170 473 1218 526 ²⁵·

134 615 223 675 “utu
243 619 387 697 -τιῖρει.]
407 619 490 697 αἱρεῖ
505 620 587 678 dedit
612 619 757 678 Porsonus
783 639 838 695 pro
852 623 935 701 αἱρῇ·
956 623 1117 681 secundum
1131 637 1219 700 quem

96 696 167 773 adpo
180 703 224 754 est
238 696 290 755 sut
310 701 334 755 l.
350 717 406 773 per
420 702 517 756 crasin
531 717 587 775 pro
600 702 675 776 aitpoi
695 701 746 758 vel
770 702 846 778 dspoi
871 719 909 760 ex
932 705 1029 780 delpur·
1051 721 1126 778 quac
1152 723 1219 762 con-

99 782 189 834 tracta
202 783 268 834 sunt
281 780 310 834 in
323 783 409 855 αἴρω,
424 776 443 835 s.
457 780 528 855 cipo'r
549 780 681 857 suscipio,
695 782 747 836 irc.
768 781 855 857 αἱρεῖ,
879 777 931 839 fut.
956 786 980 838 1.
996 782 1074 840 med.
1098 786 1124 840 9.
1139 800 1218 858 pers.

97 858 169 930 sing.
199 853 330 932 Elmsley
346 856 480 931 praefert
492 861 581 937 alpes,
596 876 694 934 praes.
711 858 861 916 tndjmed.
877 865 905 918 2.
920 878 998 935 pers.
1013 864 1088 937 sing.
1109 862 1167 920 att
1183 863 1220 920 ob

97 939 180 1012 alpos,
193 936 421 1017 oipopus·4uod
437 936 547 996 Porson
561 938 688 1007 tolerat;
710 944 741 996 et
755 941 867 1014 recepi.
890 937 921 996 P.

138 1018 203 1072 849.
223 1011 393 1091 -na'vasrl
415 1016 491 1074 Vide
507 1035 650 1076 canonem
665 1017 876 1076 Dawesianum
893 1017 940 1098 (ut
954 1017 1028 1077 bene
1040 1023 1220 1095 exprimitur

99 1092 258 1152 siPorsono
273 1095 309 1152 ad
325 1094 401 1152 Hec.
418 1094 638 1176 515.)·citatum
651 1097 741 1173 supra
756 1097 793 1154 ad
813 1116 842 1155 v.
860 1102 927 1166 386.
969 1097 1127 1158 Barnesius
1141 1100 1220 1159 idem

97 1170 160 1232 fere
175 1173 347 1244 obscultet
360 1175 397 1232 od
414 1175 482 1239 Eur.
498 1177 607 1235 Alcest.
622 1181 692 1234 384.
707 1174 806 1258 (390.)
844 1177 919 1236 Vide
945 1175 1125 1236 Brunckium
1150 1198 1220 1255 quo-

98 1270 156 1328 que
171 1254 206 1310 ad
232 1253 321 1329 Soph.
337 1252 472 1332 Antigon.
489 1258 556 1313 996.
580 1259 647 1314 986.
670 1256 759 1314 etad
785 1255 875 1332 Soph.
892 1257 1001 1315 Electr.
1025 1261 1092 1316 399.
1134 1257 1219 1316 Cous.

98 1350 172 1408 quae
188 1333 268 1390 idem
282 1337 330 1391 vir
343 1340 446 1392 acutam
460 1335 597 1393 disseruit
612 1336 649 1392 de
664 1335 827 1394 masculino
851 1335 939 1410 duali,
959 1355 1047 1412 quum
1061 1353 1160 1395 sermo
1175 1345 1220 1396 est
1246 1347 1258 1368 ⁸

97 1412 136 1468 de
158 1410 284 1486 feminis,
298 1413 335 1470 ad
358 1413 448 1489 Soph.
472 1412 582 1472 Electr.
599 1419 666 1473 977.
711 1416 798 1488 Quod
814 1423 913 1474 autem
928 1417 965 1478 ud
988 1415 1103 1480 παντες
1118 1417 1220 1494 vulga·

98 1496 158 1548 tam
181 1491 338 1550 tetdonem
355 1497 470 1565 attinet,
484 1503 540 1568 pro
555 1511 593 1551 eo
615 1495 643 1550 J.
669 1495 748 1552 'Pate
772 1496 929 1571 legendum
952 1499 1091 1570 proponit
1114 1499 1218 1554 πᾶσάν·

98 1576 131 1628 et
145 1569 297 1643 Pomonus,
312 1575 361 1648 qui
376 1573 546 1631 observavit
560 1571 674 1637 πάντες
690 1573 814 1637 πάντως
831 1573 929 1650 vulgo,
945 1580 980 1632 et·
991 1579 1020 1632 in
1035 1575 1128 1633 tribus
1139 1577 1220 1634 MSS.

97 1648 223 1713 πάντως
242 1649 371 1725 πάντες,
385 1651 478 1709 edidit
502 1651 707 1726 bisaciarum,
732 1660 764 1711 ut
788 1655 956 1728 duplicatur
979 1652 1110 1726 θανάτῳ
1133 1655 1221 1730 supri

97 1734 168 1804 648,
196 1728 295 1810 (666.)
318 1736 454 1807 uterquc,
476 1738 559 1807 puto,
583 1739 615 1789 ut
636 1735 748 1790 vitetur
775 1735 898 1792 violatio
926 1737 1045 1790 canonis
1069 1733 1221 1792 Dawesia·

97 1813 138 1866 ni.
179 1809 237 1867 Sed
251 1811 325 1867 mihi
340 1814 391 1868 vix
407 1811 467 1868 ulla
482 1811 530 1867 hic
547 1812 665 1870 videtur
678 1813 809 1870 violatio.
852 1813 965 1870 Notum
990 1819 1035 1870 est
1048 1815 1220 1888 primariam

97 1887 191 1947 Chori
206 1890 373 1965 personam,
388 1908 464 1965 quac
480 1891 558 1966 apud
572 1891 720 1967 Tragicos
735 1891 824 1967 vulgd
840 1891 979 1967 loquitur,
1004 1892 1084 1968 loqui
1109 1891 1222 1950 indiffe-

96 1975 201 2028 renter
215 1968 265 2027 vel
280 1969 386 2044 plurali
402 1971 452 2027 vel
466 1971 608 2046 singulari
623 1987 756 2043 numero,
772 1975 836 2029 sive
859 1970 975 2030 Chorus
996 1990 1036 2030 ex
1058 1975 1131 2029 viris
1154 1991 1222 2030 con-

96 2053 167 2119 stet,
181 2065 234 2105 seu
249 2066 288 2106 ex
301 2045 437 2118 leminis;
458 2068 527 2108 nam
550 2049 666 2107 Chorus
685 2056 838 2125 spectatur
859 2067 935 2109 nunc
960 2056 997 2112 ut
1014 2069 1072 2108 una
1086 2051 1222 2109 dramatis

96 2143 235 2204 persona,
249 2145 326 2185 nunc
340 2135 373 2186 ut
387 2129 505 2203 plures:
527 2136 568 2203 et,
583 2133 607 2188 si
623 2148 662 2188 ex
686 2128 803 2188 seminis
827 2135 950 2204 constat,
973 2134 1102 2206 spectari
1125 2137 1224 2206 potest

95 2223 175 2264 nunc
189 2214 221 2265 ut
235 2225 293 2264 una
307 2205 427 2281 semina,
441 2227 518 2266 nunc
532 2217 565 2266 ut
579 2210 689 2285 plures.
730 2209 827 2266 'Polus
839 2213 929 2286 igitur
939 2208 1096 2268 femininus
1106 2208 1223 2268 Chorus

95 2287 232 2362 loquens,
246 2291 383 2363 tauquam
398 2306 456 2345 sunu
469 2286 590 2361 semina,
605 2290 641 2346 de
656 2308 700 2362 se,
714 2291 739 2345 si
753 2300 875 2364 usurpat
890 2290 1037 2364 pluralem
1057 2307 1223 2364 numerum,

95 2371 222 2440 usurpet
236 2367 428 2424 masculinum
442 2385 536 2444 genus
547 2386 671 2439 necesse
683 2374 737 2427 est
758 2366 774 2390 '‘
783 2367 898 2431 πάντες
914 2367 1052 2443 πάντως,
1064 2368 1149 2426 Edin.
1165 2375 1223 2426 ota.

94 2451 131 2503 et
145 2445 233 2502 Elms.
245 2452 277 2502 et
290 2445 394 2504 Matth.
417 2446 448 2504 P.

139 2528 207 2592 862.
229 2526 303 2589 Πῶς
324 2523 357 2583 di
378 2524 543 2603 θράσνς-]
566 2527 728 2585 Admodum
753 2527 903 2602 explicatu
926 2523 1053 2586 difficilis
1076 2532 1122 2584 est
1146 2527 1222 2584 haec
1237 2531 1300 2586 193.

93 2605 309 2680 Antistroplre3
330 2622 386 2676 nec
401 2605 625 2680 placentulas,
645 2624 716 2682 quas
737 2607 875 2679 viderim,
899 2609 1070 2662 criticorum
1096 2605 1224 2662 hariola-

94 2687 203 2741 tiones.
244 2683 397 2742 Conemur
409 2685 518 2760 aliquid
534 2692 565 2741 et
579 2703 639 2742 uos.
680 2691 701 2722 o
713 2685 745 2742 ln
761 2703 794 2742 re
810 2683 998 2759 desperati,”
1014 2687 1055 2740 ait
1078 2683 1223 2742 Porsonus

93 2769 120 2802 “
131 2759 232 2838 paulld
246 2763 311 2839 plus
326 2764 466 2821 audaciae
482 2765 702 2821 condonandum
717 2763 793 2822 est.”
825 2763 962 2839 Vulgarls
974 2764 1062 2820 lectio
1073 2765 1114 2820 sic
1126 2761 1223 2820 forsan

94 2843 275 2900 ordinanda:
298 2844 371 2906 Πῶς
386 2840 420 2900 δὲ
446 2841 467 2914 ἢ
490 2840 602 2920 θράσος
624 2845 729 2920 φρενός
745 2845 844 2923 [ἔσται
868 2841 937 2925 poa]
965 2841 985 2913 ἢ
1009 2842 1101 2920 [πῶς]
1128 2840 1223 2921 λήψει

93 2920 217 2982 τέκνων
231 2920 313 2982 σέθεν
329 2920 410 2998 χειρί
420 2940 456 2980 τε
471 2920 590 3000 καρδίᾳ,
605 2921 785 3000 upooot'yossta
800 2923 906 2981 desudo
919 2919 1037 2994 τόλμαν
1050 2945 1061 2989 ,·
1084 2921 1224 2994 Quomodo

90 3003 165 3060 werd
179 3013 227 3060 osu
240 3001 332 3060 animi
346 3001 514 3079 confidentia
523 3005 583 3059 erit
593 3000 671 3060 ubit
690 3014 738 3061 cut
746 3001 891 3077 quomodo
900 3001 1050 3080 prehendas
1059 3001 1157 3058 liberos
1166 3013 1225 3060 tuor

90 3101 196 3154 mnu,
211 3091 239 3139 ot
304 3100 336 3138 ιτ
349 3081 452 3152 animo,
466 3080 618 3160 infamium
631 3082 764 3140 adhibens
777 3081 954 3140 austasium?
975 3081 1050 3145 Huic
1065 3081 1224 3160 δὲ-πρνσ·
1345 3131 1347 3140 .

90 3161 229 3220 daroma
259 3179 366 3233 μματα
381 3158 662 3235 τέκνοις-σχήσεις
675 3162 812 3240 ἄδακρυν
832 3164 939 3236 μοῖραν
963 3158 1054 3234 φόνον
1064 3182 1077 3231 ,·
1098 3159 1137 3218 Et
1162 3181 1225 3239 quo-
1318 3233 1320 3242 Ι

91 3239 192 3313 modo,
205 3239 292 3297 oculis
305 3239 338 3296 in
353 3239 582 3318 filiorconjccts'o,
608 3240 709 3298 secun
732 3251 832 3298 roman
858 3239 949 3296 coedis
970 3240 1155 3316 lucumonem
1181 3259 1225 3298 er·

87 3320 231 3399 portem?
252 3317 381 3378 Παίδονν
395 3316 570 3378 πιτνόντων
584 3321 703 3390 lutacio,
717 3322 751 3378 orl
763 3317 881 3376 dovdou
901 3315 1031 3390 τλτίμονι
1050 3319 1142 3390 θυμῷ
1160 3318 1226 3396 τέγ-

90 3405 148 3473 ξαι
169 3395 242 3476 χέρα
256 3396 375 3472 φοινώιν
400 3399 418 3454 1.
435 3415 462 3455 e.
476 3399 510 3455 ἐν
534 3396 623 3469 φόνῳ.
652 3397 764 3456 lateris
778 3395 947 3474 supplicibus
961 3397 1226 3470 morinis—non

87 3477 204 3558 poteris
218 3477 320 3535 oudocs'
333 3476 428 3533 animo
443 3476 548 3554 tingere
569 3497 682 3534 omnum
701 3475 797 3533 coede.
834 3474 891 3532 Pro
915 3475 945 3531 Σ
945 3471 1049 3548 pridem
1061 3497 1072 3544 ,·
1092 3473 1226 3548 φόνον-

91 3558 248 3626 Porsonus
262 3556 343 3615 dedit
356 3556 387 3614 Σ
387 3553 489 3629 poturos
504 3553 618 3626 ostrow
638 3554 715 3631 qnod
736 3552 819 3612 certe*
844 3551 935 3612 multo
960 3553 1074 3612 melius.
1094 3551 1225 3635 ''potpuu

89 3633 201 3714 φόνον,
217 3642 249 3693 ut
261 3638 368 3712 μοῖραν
382 3632 531 3706 θανάτων,
547 3632 623 3692 infra
637 3653 665 3691 v.
682 3637 750 3692 983.
773 3633 805 3692 Ρ.

140 3719 210 3773 863.
234 3714 278 3772 Οὔ
292 3716 320 3771 τ’
331 3712 375 3772 τῖν
388 3711 534 3790 ἁμάρτοις
549 3712 638 3772 τοῦδέ
652 3712 702 3790 7',]
725 3713 769 3770 lta
784 3711 929 3770 Porsonus
944 3711 1046 3786 edidit,
1060 3714 1121 3770 scil.
1133 3713 1161 3770 τ’
1171 3731 1226 3788 pro

88 3813 159 3867 τοι,
175 3813 233 3861 non
247 3800 280 3851 ut
294 3797 388 3870 possit
402 3793 474 3850 elidi
488 3791 666 3870 dipthongus
681 3795 711 3850 in
725 3811 784 3865 τοι,
797 3792 851 3870 sed
868 3809 925 3867 per
938 3795 1034 3849 cresin
1048 3793 1183 3851 vocalem
1197 3795 1228 3850 in

86 3874 141 3936 ἄν
157 3875 277 3950 longum
290 3872 393 3932 efficit

140 3957 211 4014 866.
231 3953 330 4016 -τνίτ
344 3953 372 4010 d*
385 3951 457 4023 ipso'c
472 3949 561 4028 ὀργαῖς
576 3949 675 4028 φέρειν
691 3931 886 4027 Eleon-1
910 3950 953 4008 lta
963 3949 1127 4009 Bruuclrius
1138 3951 1226 4011 dedit.

139 4037 211 4092 867.
231 4030 523 4108 -ῠπείργασταν-1
541 4029 681 4107 praeuius
700 4029 870 4088 runt-Hoc
899 4029 1036 4104 verbum,
1060 4029 1150 4108 vulgo
1178 4032 1229 4089 de·

85 4129 228 4192 ponens,
242 4115 367 4170 sumitur
381 4110 430 4169 hic
443 4127 530 4168 sensu
545 4113 673 4184 passivo.
751 4128 754 4131 ·
1301 4127 1305 4134 ·

138 4197 213 4251 873.
233 4189 347 4264 Γήμας
362 4188 532 4267 adponam]
554 4187 655 4245 ducena
664 4189 788 4267 puellam
802 4188 918 4266 regiam.
940 4186 1095 4266 τύραννος,
1110 4189 1135 4263 d,
1152 4191 1180 4262 ἡ.

139 4275 212 4330 876.
231 4265 340 4330 -oldu
353 4267 387 4328 δὲ
401 4267 497 4344 χθόνα
511 4268 676 4343 φεύγοντας
694 4266 801 4344 dudo]
823 4268 908 4344 Angl.
940 4267 957 4324 1
975 4287 1022 4325 cm
1042 4267 1155 4326 ‚mutu
1173 4270 1232 4328 uos

83 4371 141 4414 ve
152 4347 224 4431 flod
236 4349 320 4429 from
343 4349 387 4408 tte
409 4348 589 4410 Thessaliae
609 4345 780 4426 lond-lto,
795 4345 953 4408 Barnssiru
980 4353 1013 4406 st
1034 4346 1231 4426 itusgrauos.
