3034 5217
425 289 569 366 uorsa
587 304 634 365 ιΝ
653 301 954 372 erreulrtralua.
1193 315 1251 372 aaa

123 417 230 496 δόμον.
249 420 431 486 “mdrdsdr
446 419 503 502 (sic
521 422 678 499 perspicue*
697 421 808 502 codex)
833 421 882 480 hic
907 430 953 482 eat
975 423 1100 482 maritare.
1125 423 1250 504 Etymol.

125 503 147 539 ‘⁶
159 500 201 562 lt.
216 497 361 574 κηδεσταὶ
377 501 514 576 λέγονται
529 497 548 560 ὅ
563 521 597 560 aa
610 501 718 579 πατὴρ
732 503 792 572 τῆς
815 501 1034 577 γεγαμημένης,
1058 501 1109 562 καί
1133 505 1222 570 adada
1238 507 1254 564 d

123 578 262 655 μαμῶν.”
282 579 411 638 Brunca.
696 620 699 626 -

169 663 196 717 7.
216 661 370 732 μολπαῖσιν
395 657 518 734 dudda]
553 657 664 734 Codex,
692 664 768 716 teste
794 658 953 732 Bruucirio,
980 659 1070 718 hahet
1090 664 1252 734 μολπαῖσιν.
1362 723 1369 735 ,

126 735 200 796 Νοο
215 740 334 797 invenio
348 737 426 796 hanc
439 756 545 795 vocem
557 741 586 796 iu
597 739 732 796 Lexicis:
753 753 838 812 potes
851 746 947 796 tamen
963 739 1088 798 reddere
1100 742 1254 812 μολπαῖαν

125 815 243 890 daddo,
256 818 411 894 jumndwn
431 836 551 876 cannen.
593 818 650 876 Pro
669 817 823 890 μολπαῖαν
850 817 996 889 Reiskius,
1012 836 1051 876 ex
1076 819 1254 894 conjectori,

126 898 263 972 reposuit
286 895 455 974 paps'eddav.
495 895 620 956 “Reddi
644 903 743 973 potest
769 895 853 972 Angl.
889 893 974 970 Thon,
1001 897 1027 951 0
1054 895 1172 974 Hymen,
1194 899 1255 958 host

126 979 149 1012 “
161 975 285 1054 changed
307 975 351 1033 the
362 975 513 1034 melodiam
536 975 645 1056 nuptiali
665 975 749 1052 Ιιριπιν
770 975 830 1034 s'nto
854 974 897 1033 thr
920 975 1061 1054 raounfful
1081 987 1155 1036 notes
1168 977 1205 1056 os
1211 979 1254 1036 the

124 1058 149 1091 “
147 1051 269 1132 funeral
281 1053 391 1132 dirge.'³
415 1053 455 1112 T.
469 1051 581 1114 Youno.

170 1135 197 1190 8.
216 1131 466 1210 -μεθηρμόσαα1
486 1132 606 1191 maaet
628 1133 696 1190 hor.
716 1136 740 1190 l.
756 1129 796 1188 M.
817 1131 1059 1209 μεθηρμοσοῖμην,
1073 1132 1256 1214 μεθηρμόόα·

124 1219 171 1285 do,
184 1210 260 1268 eliso
272 1220 301 1282 o,
318 1213 375 1284 μεθ
436 1210 513 1284 douo,
524 1218 557 1270 ut
570 1212 634 1270 hic:
657 1219 688 1270 et
702 1217 816 1286 postea,
828 1209 1013 1287 μεθηρμόσω,
1024 1219 1055 1269 ut
1066 1207 1093 1271 in
1106 1211 1257 1272 Gramma-

127 1293 205 1348 ticis.
245 1289 321 1348 Vide
343 1293 373 1348 iu
407 1290 473 1348 lind.
487 1309 518 1363 οι,
533 1295 601 1350 sot.
622 1287 778 1349 ὑπελύσαο·
800 1297 831 1354 et
853 1293 881 1346 in
902 1291 974 1346 locis
999 1291 1062 1349 aliis
1090 1295 1256 1351 innumeris.

127 1366 289 1429 Caeterdm
302 1368 424 1445 conjicit
438 1369 575 1428 Reislrius
589 1369 696 1445 aliquid
712 1371 742 1425 in
756 1369 814 1426 fine
830 1371 1049 1444 epigrammatis
1061 1370 1175 1444 deesse,
1188 1374 1257 1448 quia

127 1449 295 1524 particulae
309 1447 365 1521 μὲν
380 1453 408 1507 in
423 1466 513 1507 versu
537 1450 698 1524 penultimo
722 1466 779 1505 non
802 1447 959 1522 respondet
984 1447 1017 1506 δὲ
1040 1466 1181 1524 aequans:
1202 1453 1258 1510 nisi

128 1525 213 1585 malit
227 1531 292 1604 quis
305 1547 362 1601 μεν
375 1545 431 1604 pro
443 1526 500 1603 μὲν
515 1527 630 1604 legere.
661 1527 752 1586 '‘Sed
768 1527 835 1606 vide
853 1526 1096 1604 Hoogeveen.de
1113 1525 1257 1588 Parilia
1332 1540 1337 1567 .=

979 1735 1251 1746 o—u--u--m-—n

174 1899 399 1978 Smomrs-tl
421 1899 510 1960 Extat
523 1903 599 1961 haec
621 1901 796 1980 Epigraphe
827 1901 904 1978 apud
926 1901 1146 1980 Thucydidem,
1171 1903 1338 1984 [liutara.

134 1984 185 2044 lib.
199 1986 240 2042 ri.
255 2001 320 2060 cap.
336 1981 399 2058 59.]
420 1985 470 2058 qui
485 1981 568 2042 nobis
583 1990 683 2040 narrat
699 1981 851 2058 Hippiam,
866 1985 1023 2054 maximum
1037 1983 1100 2041 scil.
1122 1992 1192 2042 natu
1215 1982 1261 2042 Pi-

132 2061 358 2135 sistratidaruat,
387 2059 562 2136 Aeantidae,
583 2061 726 2136 Hippocli
755 2061 1022 2137 Lampsacenorum
1053 2065 1167 2138 tyranni
1192 2062 1261 2136 lilio,

134 2139 323 2202 Archedicen
340 2158 426 2200 suam
450 2138 552 2214 filiam,
567 2141 644 2216 quod
669 2139 882 2215 Lampsacenos
908 2139 985 2216 apud
1009 2157 1113 2216 regem
1138 2141 1262 2200 Darium

135 2222 313 2280 auctoritate
329 2217 451 2281 multdm
465 2221 582 2295 pollere
598 2223 700 2294 sciret,
720 2226 843 2294 nuptum
867 2218 1002 2278 dedisse:
1023 2237 1058 2277 ac
1083 2219 1263 2278 Archadioes

135 2306 357 2376 mouumentum
383 2299 539 2375 Lampsaci
569 2302 730 2371 exstitisse,
757 2315 825 2355 cum
850 2298 906 2356 hac
932 2301 1133 2372 inscriptione.
1183 2299 1263 2357 Ordo

135 2385 201 2438 est:
223 2375 279 2451 ἥδε
295 2376 379 2444 κόνις
396 2377 516 2438 sturnos
532 2377 708 2457 Αρχεδίνιην
723 2377 800 2456 [τήν
819 2375 988 2456 θυγατέρα]
1009 2375 1131 2436 Ἱππίου
1153 2379 1263 2456 α’νδρός

135 2456 369 2536 ἀριστεύσαντος
383 2459 448 2518 τῶν
461 2459 507 2529 ἐφ’
523 2460 634 2517 ἑαυτοῦ
648 2453 874 2531 ἐνἜλλάθι,-
889 2457 967 2536 [τῶν
982 2457 1026 2529 ἐφ’
1042 2458 1164 2531 ἑαυτοῦ,
1180 2459 1265 2534 Augl.

136 2537 181 2598 tin
195 2534 489 2618 watempororianlip'
512 2557 546 2597 τε
567 2531 680 2596 οὖσα-
702 2546 726 2594 et
749 2555 913 2614 ρνοοιραοοι
937 2536 989 2594 itta
1009 2543 1074 2594 esset
1094 2535 1197 2615 patris,
1212 2539 1263 2596 iac.

136 2614 272 2682 ἀὐτούς
286 2615 556 2692 μέγα-δύνασθαι.
577 2615 716 2692 Thucyd.
739 2614 771 2673 P.

178 2703 206 2758 3.
227 2695 452 2775 -τνροίννωνᾸ
474 2697 522 2774 qui
535 2717 610 2776 regas
625 2706 743 2753 erant-
765 2695 847 2768 Sigei
861 2695 993 2752 scilicet:
1014 2712 1071 2750 non
1087 2698 1165 2752 enim
1180 2699 1267 2770 potiti
1361 2735 1366 2746 .

138 2784 205 2838 saut
232 2794 333 2838 rerum
356 2776 480 2835 Athenis
504 2773 635 2852 Hippiae
652 2775 749 2831 liberi.
793 2773 849 2830 Sed
876 2773 1106 2850 Hegesistratus,
1134 2773 1265 2849 Hippiae

24 2908 26 2913 ,
139 2857 227 2930 filius,
251 2853 308 2916 fuit
328 2863 468 2932 tyrannus
489 2855 582 2931 Sigei,
603 2861 635 2912 ut
663 2853 750 2910 docet
780 2851 947 2910 Herodotus
977 2852 1026 2908 lib.
1048 2871 1076 2910 u.
1103 2852 1267 2911 Palmarius

137 2937 350 2998 Exerciuaon.
362 2953 391 3010 p.
407 2939 455 2992 53.
477 2933 605 2991 Hunson.
626 2936 645 2967 ‘'
659 2933 702 3010 [in
714 2950 776 2990 var.
789 2931 856 2988 lect.
870 2929 1022 3006 Thucyd]
1048 2931 1267 3008 Hegesistratus

141 3017 285 3075 Pisistrati
295 3015 373 3074 filius
388 3011 494 3072 nothus
509 3022 583 3086 erat,
599 3010 731 3086 Hippiae
745 3006 848 3069 trater.
864 3009 976 3068 Herod.
986 3029 1014 3066 v.
1025 3014 1072 3068 94.
1088 3010 1176 3083 Quod
1189 3002 1267 3068 idem
1325 3073 1331 3080 ¹

140 3095 280 3168 oberrat
293 3093 451 3154 Hudsouus
465 3095 495 3152 in
509 3095 592 3150 uotis.
615 3090 647 3149 P.
1332 3149 1338 3156 ,

180 3181 209 3234 4.
226 3174 347 3252 -ἤρθν,
361 3170 448 3247 νοῦν]
465 3173 483 3228 i.
499 3190 526 3230 e.
542 3169 720 3228 κατανοεῖν.
762 3165 920 3224 Caeterdm
936 3166 992 3224 hoc
1016 3169 1199 3244 epigramma
1224 3168 1268 3226 Si·

141 3255 250 3314 muuidl
265 3253 404 3314 adscribit
418 3253 536 3309 Aristot.
553 3249 639 3306 Rhet.
656 3247 706 3306 lih.
723 3250 742 3304 i.
757 3265 783 3304 c.
799 3249 826 3304 9.
859 3252 876 3280 ‘¹
889 3245 953 3302 Vol.
970 3250 1008 3304 iv.
1024 3265 1053 3322 p.
1073 3251 1136 3306 105.
1151 3246 1266 3324 Bipout.

183 3412 220 3486 ll,
236 3417 262 3471 l.
284 3408 532 3488 Πραξιτέλης-4
556 3407 645 3466 Extat
662 3408 719 3465 hoc
737 3405 839 3482 Epigr.
855 3401 931 3480 apud
952 3404 1137 3461 Athenaeum
1151 3421 1179 3478 p.
1200 3407 1267 3462 591.

142 3493 175 3551 1..
190 3495 252 3549 xiii.
262 3509 288 3550 c.
298 3488 383 3549 utin.
395 3490 444 3546 ubi
460 3509 488 3547 ν.
503 3495 532 3546 3.
553 3486 665 3565 φίλτρα
679 3483 714 3545 δὲ
728 3484 843 3558 pallo,
859 3483 935 3558 quod
947 3483 1034 3538 alteri
1049 3483 1168 3539 lectioni
1182 3499 1269 3558 praes

141 3569 296 3631 serendum
310 3569 383 3628 mihi
398 3587 455 3626 uon
470 3568 597 3626 videtur.
639 3565 702 3623 Hos
715 3581 819 3621 versus
834 3566 876 3620 ait
890 3564 906 3618 ri
921 3559 1155 3632 Praxitelepbasi
1178 3559 1269 3636 Cupi-

142 3652 216 3709 dinis
236 3651 397 3725 insculptos
417 3646 519 3718 l'uisse,
547 3645 624 3721 quod
648 3649 690 3703 ita
716 3643 874 3700 anemius
898 3646 1052 3716 acceptum
1066 3640 1104 3696 iri
1128 3646 1211 3715 puto,
1237 3649 1269 3698 ut

143 3729 310 3788 Praxiteles
324 3729 479 3804 elegorum
493 3731 596 3783 auctor
609 3725 647 3780 sit
661 3721 831 3780 censendus.
874 3720 954 3778 lilius
969 3726 1065 3776 tamen
1086 3717 1182 3794 potiris
1206 3715 1269 3778 sue·

142 3813 202 3868 riui
216 3827 303 3885 quam
318 3805 486 3877 Simonidis,
499 3803 584 3879 cujus
599 3808 679 3860 aetas
693 3819 761 3860 cum
776 3800 910 3876 Phrynes
924 3804 1021 3858 aetate
1047 3815 1103 3854 non
1122 3801 1268 3874 congruit.

142 3888 272 3946 Brunca.
313 3887 362 3945 De
378 3884 435 3943 hoc
449 3882 609 3942 Praxitelis
624 3884 743 3954 Amore,
758 3897 845 3956 quem
860 3881 937 3936 inter
958 3879 1202 3954 praestantissima
1216 3894 1269 3934 sua

143 3980 236 4044 opera
251 3969 313 4043 ipse
328 3965 470 4026 censebat
484 3961 613 4032 artifiex,
628 3961 696 4020 side
713 3959 834 4018 Pausau.
851 3961 932 4030 isto.
948 3973 976 4030 p.
992 3955 1148 4013 ara-Ver.
1168 3961 1191 4014 1.
1216 3957 1269 4014 Αε-

142 4052 247 4126 gutum
261 4047 336 4104 hoc:
354 4044 519 4103 Praxiteles
535 4046 683 4112 Amorem,
693 4039 777 4116 cujus
793 4039 859 4096 telis
870 4035 1025 4114 flagrabat,
1034 4037 1269 4110 repraesentavit

142 4130 198 4199 ita,
211 4125 315 4201 atejus
324 4121 503 4201 speciemad
514 4121 694 4196 exemplum,
705 4137 758 4178 suo
770 4121 864 4178 animo
878 4120 1061 4189 impressum,
1072 4113 1268 4172 adumbraret

146 4205 230 4264 Hanc
243 4205 421 4264 seutentiam
435 4204 582 4277 expressit
596 4199 705 4257 Julian.
727 4197 876 4274 ''Aegypt
893 4195 941 4252 Br.
957 4195 1028 4250 Ana.
1044 4192 1083 4250 T.
1096 4195 1126 4250 ii.
1137 4210 1166 4268 p.
1183 4191 1268 4251 496.”

144 4283 200 4360 Ep.
215 4285 266 4342 xii.
287 4285 392 4344 Adada
405 4279 465 4359 γοὶρ
478 4283 536 4338 τὸν
549 4279 660 4356 Ρρωοα
672 4278 728 4335 τὸν
739 4279 834 4335 ἔνδοθι
847 4269 1005 4345 κειθόμενό
1010 4291 1025 4328 ν
1035 4291 1070 4344 με
1085 4269 1270 4345 Χαλαώσας,

79 4379 85 4386 ·
148 4361 254 4442 Φρύνη
266 4365 343 4424 δῶκε
355 4362 441 4440 γέρας
456 4360 570 4434 φιλίης.
593 4357 710 4432 Phryne
725 4359 781 4432 ipsi
795 4357 924 4412 vicissim
938 4369 993 4428 pro
1008 4353 1115 4410 Amore
1137 4367 1272 4410 amorem

144 4427 400 4526 rependit-lpse
415 4440 487 4499 deus
501 4436 773 4516 loquitur—Amor
786 4434 933 4492 desiderio
948 4436 980 4488 et
1002 4429 1141 4508 cupidine
1165 4429 1287 4504 implet·

144 4527 271 4600 pectora
284 4522 467 4607 intuentium.
487 4514 704 4592 ἀτενιζόμενος.
737 4513 799 4590 Qut
822 4513 912 4596 rectis
927 4510 1020 4572 oculis
1034 4507 1144 4590 aliquid
1157 4511 1270 4580 latren
