3034 5217
801 304 839 374 ri

226 474 307 537 sunt
324 489 370 537 ex
386 461 608 554 editionibus,
634 490 725 565 quae
752 468 839 539 cura
855 465 1074 541 eruditorum
1092 463 1273 545 hominum
1295 496 1376 575 per·

226 588 358 690 politae
394 590 597 705 Qperrime
637 591 857 715 prodierupt,
881 603 926 689 et
959 620 1051 695 quae
1085 594 1165 669 fere
1199 596 1376 676 habentur

226 713 393 816 optimae.
523 740 530 781 ι
573 758 578 767 -

274 841 315 914 lu
349 840 650 935 Annotationibus,
685 842 751 917 nisi
787 841 882 944 qudd
923 842 1034 917 multo
1066 857 1147 917 sunt
1179 845 1373 942 uberiores,

223 968 352 1041 eadem
384 968 464 1041 fere
498 967 687 1041 methodus
713 978 821 1068 atque
847 967 883 1041 in
908 967 1027 1071 priore
1059 982 1157 1043 tomo
1182 974 1373 1051 observata

223 1105 289 1167 est.
340 1092 446 1181 Quae
472 1092 606 1166 selecta
627 1104 707 1166 sunt
730 1119 776 1166 ex
799 1092 947 1167 diversis
969 1093 1163 1169 editoribus
1185 1099 1244 1173 vel
1264 1097 1373 1177 inter·

223 1214 395 1319 pretibus,
417 1244 541 1292 eorum
568 1216 713 1321 singula,
735 1222 868 1318 quanta
891 1217 990 1321 potui
1015 1216 1207 1321 diligentia,
1231 1221 1372 1324 singulis

222 1340 290 1415 suis
309 1341 509 1415 auctoribus
532 1341 764 1416 adscribenda
781 1342 922 1430 curavi3
950 1368 993 1416 ne
1018 1343 1144 1418 tacitus
1172 1344 1258 1419 mihi
1275 1374 1372 1421 erro·

219 1494 306 1569 gare
325 1467 480 1558 viderer,
496 1495 587 1569 quae
613 1467 756 1541 fuerunt
774 1472 796 1540 a
812 1467 896 1543 viris
919 1466 1065 1541 eruditis
1086 1469 1163 1569 jam
1187 1484 1371 1573 nucupata.

221 1590 342 1693 Atque
360 1593 472 1683 simul,
488 1619 532 1665 ne
551 1590 682 1693 aliquid
698 1590 912 1665 difficultatis
928 1590 1003 1664 sive
1019 1595 1042 1663 a
1060 1618 1116 1664 me
1139 1591 1214 1667 sire
1232 1594 1279 1671 ab
1296 1594 1371 1669 aliis

221 1746 289 1793 non
322 1719 528 1823 expeditum
562 1716 835 1818 relinqueretur,
868 1744 1040 1791 summam
1074 1744 1215 1818 quoque
1248 1746 1371 1795 ruram

219 1843 372 1920 adhibui.
424 1842 521 1918 Fieri
548 1856 667 1937 potest
685 1856 723 1917 ut
741 1844 951 1946 quibusdam
968 1842 1091 1919 nimius
1108 1842 1234 1919 ridear
1249 1844 1285 1920 in
1300 1847 1373 1921 lec-

218 1968 352 2043 toribus
370 1970 568 2071 relegandis
587 1968 631 2043 ad
649 1967 769 2058 libros,
785 1967 846 2071 qui
862 1968 1009 2043 nonnisi
1031 1995 1224 2072 paucorum
1240 1971 1370 2045 studio·

218 2121 335 2168 sorum
364 2094 521 2169 manibus
541 2092 784 2169 contrectandi
803 2092 955 2168 veniunt.
1006 2092 1080 2166 Sed
1106 2096 1369 2172 monstrandum

218 2232 296 2293 erat
323 2218 391 2293 iter
415 2218 466 2310 iis,
486 2217 551 2320 qui
577 2218 730 2319 majores
757 2243 963 2319 progressus
988 2216 1110 2292 facere
1136 2236 1309 2322 cuperent
1334 2222 1370 2295 in

216 2344 338 2419 studiis
358 2343 455 2419 hisce
479 2342 773 2444 elegantioribus3
791 2356 900 2444 atque
919 2342 1073 2418 subsidia
1093 2346 1290 2421 necessaria
1308 2347 1367 2421 ali·

216 2474 389 2571 quatends
411 2468 603 2546 indicanda.
653 2465 828 2557 Quamvis
851 2467 945 2544 eninr
968 2467 1036 2542 hae
1064 2469 1303 2544 annotationes
1321 2466 1367 2545 ad

216 2624 316 2671 usum
337 2596 522 2672 Studiosee
546 2592 748 2671 Juventutis
768 2593 960 2699 praecipue
980 2594 1048 2668 sint
1069 2595 1367 2689 accommodatae,
1419 2581 1423 2598 ’

216 2734 254 2793 et
273 2746 354 2797 oum
370 2720 483 2795 doctis
504 2720 702 2795 bominibus
721 2720 767 2795 nil
787 2721 852 2796 nisi
871 2735 956 2797 nota
973 2720 1242 2812 communirent,
1263 2750 1309 2795 ex
1326 2723 1366 2797 iis

216 2860 336 2923 tamen
363 2846 527 2949 Magistri
550 2846 706 2950 juniores
732 2848 887 2924 nonnihil
909 2846 1103 2950 adjumenti
1125 2846 1256 2949 possint
1273 2846 1366 2921 deri·

215 3002 311 3051 rare.
364 2973 412 3047 Et
430 3002 486 3063 ne,
498 2972 533 3047 in
549 2978 647 3047 tanta
665 3001 785 3051 rerum
802 2974 1007 3078 exiguarum
1025 2969 1248 3061 abundantia,
1260 2999 1363 3047 omne

214 3128 323 3202 genus
357 3098 609 3175 oblectamenti
644 3100 782 3176 onminb
818 3102 972 3191 abesset,
1007 3097 1135 3202 passim
1173 3095 1363 3199 adspersae

214 3238 291 3300 sunt
320 3226 450 3300 breves
476 3225 609 3327 aliquot
639 3227 858 3302 narrationes
887 3240 926 3300 et
960 3220 1289 3313 animadversiones,
1318 3221 1364 3296 ad

215 3356 339 3453 poetas
357 3363 394 3423 et
413 3350 570 3451 politicas
583 3364 789 3426 venustates
807 3349 961 3451 aliasque
980 3377 1049 3439 res,
1066 3346 1182 3452 potids
1199 3350 1304 3447 qudm
1318 3345 1364 3420 ad

215 3505 314 3552 mera
331 3479 514 3569 vocabulo,
532 3480 763 3582 pertinentes,
779 3508 869 3582 quae
888 3479 1000 3582 depes
1013 3477 1089 3567 has,
1102 3480 1228 3579 parum
1240 3473 1363 3561 lautas,

214 3604 329 3706 aliqud
346 3604 521 3681 suavitate
540 3607 750 3683 condirent.-

262 3729 390 3815 Arqun
417 3730 507 3805 haec
524 3746 614 3823 sunt,
631 3762 722 3835 quae
745 3732 780 3807 in
796 3728 997 3806 universum
1022 3721 1285 3831 praemonenda
1302 3718 1363 3795 ho·

213 3852 282 3928 bui.
332 3854 569 3931 Caeterorum
586 3858 719 3959 singula
737 3857 771 3931 in
787 3855 856 3930 suis
872 3853 957 3928 locis
973 3859 1171 3928 memorata
1188 3844 1363 3921 invenien-

213 3990 280 4053 tur.
325 3976 428 4055 Nune
446 3978 551 4080 igitur
565 3984 696 4071 valeas,
709 3980 844 4055 Lector
860 3977 1053 4062 benevolc;
1072 3988 1178 4075 atque
1196 3970 1287 4045 sinas
1305 3994 1361 4043 me

214 4102 387 4205 repetitos
405 4104 511 4180 hosce
527 4118 671 4181 conatus
690 4106 734 4180 sd
752 4102 985 4204 cognitionem
1001 4099 1159 4200 Linguae
1171 4098 1273 4196 longe
1291 4120 1362 4166 om·

214 4226 305 4299 nium
333 4226 565 4305 nobilissimae
598 4230 888 4334 promovendam,
912 4227 948 4302 in
972 4224 1174 4301 clientelam
1200 4232 1298 4293 tuam
1325 4228 1363 4288 et

214 4352 319 4425 fidem
348 4356 608 4432 commendare.
660 4357 735 4431 Ser.
763 4353 971 4455 Edinburgi,
997 4352 1032 4425 in
1056 4346 1167 4423 Acad.
1197 4343 1272 4419 Jac.
1298 4338 1366 4415 vl.

214 4474 402 4553 Scotorum
430 4478 555 4580 Regis,
583 4479 676 4555 Prid.
704 4481 795 4557 Non.
814 4480 913 4570 Maii,
939 4467 1236 4553 MDCCXCVII.
