3034 5217
662 243 677 282 ἱ

387 351 531 412 NOTAE
557 353 602 425 IN
630 351 933 414 EPIGRAMMA'I'A.
1165 355 1224 416 29³

131 473 186 548 iv,
204 475 228 530 1.
250 467 371 543 oerore
385 489 435 543 μοι
450 469 493 548 ..]
521 469 560 528 al
577 467 611 528 δὲ
633 473 746 542 aoniam·
767 490 803 528 an
828 478 860 530 nt
885 469 1158 547 intelligatur-dat
1176 473 1221 531 λέ·
1235 475 1301 535 339.

86 571 183 626 yram·
213 550 252 608 Τ.
267 547 379 607 Yonno.
419 549 521 622 Certe,
545 552 596 608 vel
621 551 681 608 tale
706 551 825 626 aliquid.
868 551 1052 616 silentiarius
1075 551 1124 609 hic
1147 553 1223 611 bene

88 631 213 688 deridet
241 647 330 688 ranas
358 634 391 686 et
411 628 580 704 magnificas
610 631 826 704 inscriptiones,
850 647 925 706 qnae
948 629 1037 705 saepi
1060 630 1225 690 adhaerent

88 714 110 746 ‘⁶
122 712 204 767 saxis
218 712 349 765 cinerum
364 707 552 766 custodibus”
568 709 757 766 obscurorum
778 708 938 768 hominum.
974 709 1048 768 Vide
1073 711 1163 786 'supra
1185 709 1223 770 ad

87 805 121 864 p.
139 793 208 846 324.
229 787 347 844 Gallim.
362 786 397 844 ll.

132 947 172 1020 V,
190 951 214 1002 1.
235 942 355 1003 Ενθαίδε
371 943 578 1022 nuptas-1
600 945 630 1002 ln
647 941 705 1001 hoc
719 947 933 1021 epigrammate
956 951 1045 1020 poeta
1065 945 1169 1004 alludit
1184 935 1219 1004 ad

88 1024 328 1100 Sarcophagum‚
344 1028 393 1100 qui
407 1025 524 1082 cineres
541 1023 663 1081 Homeri
677 1026 831 1082 continere
845 1023 1001 1082 dicebatur
1013 1045 1021 1094 ;
1042 1031 1074 1082 et
1088 1026 1136 1102 qui
1152 1033 1221 1085 tnnc

88 1106 246 1182 temporis,
262 1107 426 1179 imperante
448 1105 508 1160 scil.
537 1103 712 1175 lastiniam,
737 1104 883 1160 ininsula
912 1103 943 1159 lo
968 1103 1064 1162 adhuc
1089 1107 1221 1162 existere
1289 1159 1295 1176 ,
1335 1137 1340 1148 =

87 1183 280 1241 credebatur.
314 1181 472 1257 cujusdam
484 1181 668 1258 sarcophagi
679 1183 824 1257 reliquiae
837 1185 866 1240 in
877 1182 950 1240 urbe
966 1181 1119 1258 Petropoli
1132 1183 1221 1241 hodie

87 1267 291 1333 asservantur,
305 1278 402 1336 nuper
416 1260 485 1320 illric
500 1261 515 1318 a
530 1259 631 1318 Classe
647 1260 768 1318 Russica
783 1261 820 1318 ab
836 1261 928 1318 insulsi
942 1264 1030 1318 maris
1045 1265 1158 1338 Aegaei
1173 1263 1223 1320 ad·

87 1349 211 1413 vectae,
226 1357 301 1416 quae
317 1339 403 1415 hujus
418 1343 506 1418 ipsius
528 1339 712 1416 Sarcophagi
728 1347 876 1416 putantur.
917 1339 990 1397 Vide
1015 1341 1104 1416 supra
1129 1339 1222 1400 Nota-

85 1439 160 1557 ruga
182 1423 264 1556 Viigd'
278 1496 378 1574 ὀλίγη]
400 1497 478 1555 Etsi
499 1497 601 1572 insuto,
617 1518 698 1576 ριαιαι
719 1497 756 1556 ait
777 1519 879 1578 paean,
895 1507 1002 1578 tontum
1024 1498 1095 1578 cepit
1118 1499 1221 1574 viram,

88 1577 194 1657 [paida
208 1581 271 1634 sine
286 1595 382 1652 augm.
397 1595 451 1653 pro
475 1579 576 1654 ἔχαδε,
591 1596 651 1636 nor.
667 1583 694 1635 2.
710 1578 727 1635 ai
741 1576 896 1652 χανδιίνω,
912 1576 1002 1656 cupio,
1017 1583 1035 1612 ‘¹
1047 1585 1077 1636 et
1091 1577 1133 1652 χαί
1138 1577 1220 1656 {01¹¹}

86 1678 124 1713 ne
138 1657 191 1714 troc
203 1656 325 1729 mireris,
339 1658 391 1714 nc.
406 1658 505 1714 etenim
519 1677 616 1714 erraras
627 1677 706 1716 soror
719 1657 856 1735 qnondam
871 1657 955 1714 Delos
995 1658 1068 1714 Vide
1081 1657 1156 1715 Coll.
1168 1657 1220 1715 Gr.

87 1736 164 1794 Min.
189 1753 217 1810 p.
239 1735 301 1812 46.]
334 1735 438 1814 excepit
461 1735 618 1814 Apollinem
642 1735 768 1794 Latonae
784 1736 881 1816 filiano
905 1735 925 1792 d
946 1736 981 1792 do
1032 1737 1085 1794 'daea
1105 1735 1220 1794 Matris.

88 1812 253 1871 Caeterum
267 1815 350 1872 lubet
365 1815 412 1872 hic
427 1815 557 1892 adjicere
580 1819 710 1890 ἐλεγεῖον
730 1817 814 1889 istud,
831 1816 907 1892 qnod
932 1819 961 1872 in
985 1815 1107 1874 Homeri
1129 1815 1219 1872 hono·

87 1910 168 1965 rem,
182 1893 231 1950 din
254 1894 321 1969 post
341 1902 467 1952 mortem
486 1898 586 1971 ipsius,
610 1895 654 1951 lus
680 1896 794 1952 incolae
818 1898 1006 1970 scripserunt.
1029 1895 1117 1974 [Vide
1133 1895 1219 1953 Vitae

88 1972 217 2030 Homeri
233 1973 386 2031 Herodoto
402 1972 491 2050 vulgo
506 1974 670 2050 adscriptae
686 1991 751 2050 cap.
770 1979 814 2032 12.
824 1974 836 2052 ]
848 1973 926 2056 (36.)
943 1979 961 2008 ‘¹
972 1974 1020 2032 Br.
1036 1978 1107 2032 Ana.
1123 1974 1162 2032 T.
1177 1993 1218 2032 ιιι.
1309 1983 1312 1988 ’

87 2068 118 2126 p.
135 2055 204 2109 256.
219 2055 311 2110 Anon.
328 2057 395 2110 500.
411 2059 478 2112 501.
500 2052 547 2110 Ρ.-

210 2170 330 2229 Emere
346 2169 410 2244 τήν
424 2170 510 2248 ἱερήν
525 2169 661 2243 κεφαλήν
676 2171 759 2229 aava?
773 2176 845 2248 yria
862 2171 1019 2248 καλύπτει,

210 2250 340 2328 Ανδρῶν
356 2249 457 2328 ἡρώων
473 2248 652 2327 κοσμήτορα,
666 2251 752 2310 θεῖον
764 2252 905 2330 Ὅμηρον.
953 2269 957 2280 ·

211 2570 218 2582 .
274 2519 418 2580 NOTAE
438 2519 484 2579 ΙΝ
505 2519 797 2580 EPlGRAMMATA
817 2516 1030 2580 ANONYMA.

130 2678 155 2749 l,
173 2683 198 2736 1.
218 2675 438 2756 Καλλιόπη-]
459 2679 491 2738 ln
504 2681 632 2737 caeteris
646 2697 718 2755 qnos
732 2679 792 2737 vidi
807 2679 892 2738 libris
903 2679 999 2754 editis,
1015 2688 1080 2756 post
1100 2697 1219 2739 versum
1229 2683 1296 2740 340.

78 2761 260 2834 septimum,
274 2760 416 2816 inseritur
429 2759 513 2830 alins,
526 2761 587 2816 tiz.
625 2758 790 2835 Ἁρμονίην
806 2757 925 2816 πάσαισι
944 2758 1105 2830 Πολύμνια
1124 2762 1218 2819 δῶκεν

88 2837 215 2900 daedale·
247 2838 324 2912 qnod
348 2854 602 2913 supervacaneum
627 2844 688 2894 est:
717 2855 784 2894 nam
810 2837 928 2894 videtur
952 2835 1038 2894 luisse
1063 2839 1217 2898 consilium

90 2919 231 2990 auctoris,
256 2917 421 2992 quicunqne
445 2913 546 2989 suerit,
568 2917 747 2992 singularum
770 2915 919 2974 Musarum
949 2918 1068 2973 inventa
1095 2919 1218 2992 singulis

89 2995 228 3053 versibus
256 2995 422 3052 absolvere.
464 2993 526 3054 ''At
550 2999 580 3052 lo
604 2995 775 3053 muneribus
799 2994 890 3052 illusis
912 2995 1071 3052 tribuendis
1099 2997 1217 3054 minime

90 3076 172 3130 inter
183 3091 215 3131 se
230 3076 409 3132 conveniunt
424 3081 553 3146 veteres.
573 3075 687 3134 Jacons.
709 3073 799 3148 lnsra,
815 3073 849 3131 ll.
869 3072 909 3146 ἦν
924 3073 957 3132 δὲ
973 3073 1117 3155 παρέλθῃ,
1131 3065 1218 3138 οὗτοι

90 3155 107 3212 d
122 3153 204 3224 βαιὸς
219 3151 334 3231 χρόνοι,
348 3154 409 3212 scil.
427 3152 511 3211 idem.
533 3153 566 3211 P.

132 3289 183 3363 111,
200 3294 225 3347 1.
246 3289 308 3362 Μή
319 3288 449 3369 μα’ρα-]
471 3288 628 3369 pepigeram
649 3290 700 3348 iric
718 3294 797 3368 regit
812 3297 936 3350 accusat.
952 3307 1019 3350 cum
1033 3291 1090 3350 dai.
1106 3295 1137 3349 et
1150 3293 1219 3349 sim-

89 3369 212 3445 pliciter
224 3369 371 3446 significat
383 3371 542 3448 δωροῦμαι.
583 3371 657 3428 Vide
673 3369 710 3426 H.
728 3369 831 3445 Steph.
848 3371 883 3427 ad
899 3389 1013 3430 vocem.

131 3453 159 3505 3.
180 3448 289 3507 Zoival
298 3469 358 3522 μοι,
371 3453 401 3508 εἴ
414 3449 453 3507 τί
461 3453 489 3525 γ’
502 3449 605 3526 ἔχμα]
628 3450 660 3506 ln
674 3449 772 3524 lapide
789 3450 915 3524 legitur:
936 3455 965 3508 rt
983 3469 1013 3508 τι
1039 3455 1131 3526 dyeia.
1151 3447 1167 3468 ¹'
1177 3449 1217 3527 [ει

89 3547 139 3591 τις
154 3547 227 3601 χαις.
242 3527 301 3605 J.]''
336 3528 394 3586 Sed
407 3527 485 3602 σχέω
500 3533 550 3588 vir
565 3536 609 3587 est
624 3532 653 3587 in
667 3546 721 3586 usu
735 3531 790 3584 nisi
805 3533 834 3584 in
849 3536 909 3602 por.
923 3561 964 3574 --
978 3529 1074 3586 Satius
1089 3529 1160 3585 mihi
1172 3531 1217 3586 vi·

88 3623 154 3665 sum
179 3624 325 3683 reponere
349 3610 382 3666 st
402 3606 439 3665 al
457 3611 483 3683 γ’
510 3610 597 3683 ἔχεις.
619 3609 747 3665 Bafircx.
791 3605 850 3664 Sed
873 3627 906 3681 γε
929 3609 1051 3664 otiosum
1076 3607 1215 3678 videtnr3

89 3705 182 3762 quare
202 3687 280 3743 malo
300 3687 405 3764 lapidis
424 3686 590 3746 lectionem.
611 3687 649 3744 T.
662 3686 775 3744 Youno:
795 3684 963 3763 rippas-q
984 3686 1102 3744 cinerea
1125 3697 1216 3744 antea

89 3765 242 3838 inebrians,
257 3766 330 3823 nihil
345 3767 424 3824 aliud
438 3770 494 3824 nisi
519 3767 604 3825 lulum
616 3765 721 3845 facies.
763 3765 823 3838 Sic,
845 3765 873 3821 in
899 3765 1011 3841 Evang.
1034 3765 1118 3821 Joan.
1134 3765 1172 3821 ix.
1188 3769 1216 3822 6.

90 3843 205 3916 ἐποίησε
218 3845 317 3918 πηλὸν
331 3847 364 3902 ἐκ
380 3847 437 3903 τοῦ
452 3845 636 3918 πτύσματος.
677 3845 750 3904 Vide
767 3845 842 3903 Coll.
858 3845 909 3902 Gr.
925 3844 995 3902 Min.
1011 3861 1038 3919 p.
1055 3847 1101 3901 78.
1118 3842 1216 3924 (104.)

45 3925 53 3936 “
90 3925 195 3980 Anacr.
209 3926 248 3982 ir.
278 3923 393 3985 ”Vivus
418 3926 752 4000 loquitur—Marmoris
775 3929 934 3982 auctoritas
957 3927 986 3992 in
1008 3923 1064 3980 hac
1079 3941 1112 3979 re
1127 3921 1232 3980 nulla.¹

91 4003 231 4060 Solebant
245 4005 322 4061 enim
337 4005 442 4062 seriori
458 4012 749 4080 tempore‚-retern
764 4003 986 4080 Epigrammata
1000 4004 1095 4077 cippis
1110 4002 1215 4063 inscul-

90 4097 173 4157 pere.
208 4081 392 4141 taenea-az
407 4102 440 4140 τι
453 4081 555 4146 θέλεις
570 4082 700 4164 χάρισαι.
721 4084 786 4140 Vat.
802 4082 836 4140 C.
851 4087 884 4140 et
898 4081 977 4138 Plan.
989 4081 1102 4156 lnau,et
1112 4080 1216 4138 Boacrr.

129 4231 181 4312 IV,
197 4243 222 4296 1.
241 4237 293 4296 ‘H
301 4237 400 4316 pir-⁴]
417 4225 470 4298 'De
487 4240 622 4317 quodam,
638 4244 685 4317 qui
709 4241 812 4298 habult
832 4238 917 4297 valde
940 4239 1082 4314 grandem
1102 4255 1215 4312 nasum,

91 4335 179 4394 quem
193 4317 229 4374 ad
243 4320 349 4376 multos
361 4337 430 4377 usus
444 4320 581 4378 idoneum
595 4324 820 4378 instrumentum
834 4335 898 4376 esse
924 4317 1003 4376 dicit.
1044 4317 1133 4376 Extat
1154 4318 1216 4374 dia·

91 4397 175 4473 logos
190 4399 219 4454 in
233 4397 396 4472 puerilibus
409 4400 565 4476 colloquiis
580 4400 617 4456 ab
631 4399 755 4458 Erasmo
769 4415 808 4456 ex
823 4398 880 4456 hoc
892 4402 1105 4473 epigrammate
1118 4394 1215 4471 lepide

91 4481 122 4532 et
132 4473 233 4551 jocose
248 4473 397 4550 formatus,
412 4496 450 4536 ex
465 4495 523 4554 qno
537 4477 624 4536 facile
646 4477 723 4536 haec
746 4478 840 4536 rerba
864 4478 1013 4554 intelligis.
1041 4475 1215 4536 Oasoroaus.

93 4551 159 4614 Hoc
173 4558 269 4632 epigr.
284 4559 355 4614 satis
369 4557 488 4634 quidem
502 4557 669 4630 ridiculum,
684 4561 726 4616 ila
739 4559 831 4616 vertit
847 4555 885 4618 H.
899 4557 1037 4615 Grotius:
