3034 5217
344 261 384 324 94
680 247 822 316 NOTAE
842 255 888 315 ΙΝ
908 255 1124 323 {sustollunt

286 380 333 434 77.
383 380 450 434 720.
476 374 587 434 Τόσσον
608 377 712 452 ἔνερθ’,
732 374 803 452 izo]
836 378 885 436 Sic
913 378 1107 454 Apollodorus
1120 381 1299 444 -τοσοῦτον
1316 384 1370 444 sut
1384 391 1428 462 γῆς

343 457 422 529 ἔχων
435 453 600 527 διάστημα,
625 447 709 512 ὅσσον
728 457 785 512 oiu’
808 455 929 532 ούρανοῦ
951 460 1000 532 γῆ.
1035 458 1225 518 Brutianae
1246 463 1305 518 init.
1326 463 1430 538 &quem

343 552 445 591 sersus
459 531 564 591 merito
578 533 707 608 rejectus
722 539 767 591 est
789 533 805 592 a
830 535 1015 610 Ruhnkenio‚
1035 539 1217 612 approbante
1233 537 1342 598 Wolfio.
1366 543 1430 600 Cant.

294 633 298 641 ·
342 612 375 706 ll.
390 614 488 746 θ,Ρ13,
500 629 562 687 sqq.
578 614 649 670 item
663 613 735 670 Aen.
751 617 792 687 vi,
808 619 875 686 577,
890 631 950 692 sqq.
970 611 987 634 ”
996 615 1070 674 Vide
1095 616 1209 690 Milton,
1225 616 1257 674 Ρ.
1278 617 1311 678 L.
1325 620 1368 678 Vl.
1384 639 1432 698 pas

338 709 404 748 sim.
451 732 458 746 .

382 773 447 826 797.
467 766 576 845 «aaut
589 767 716 845 δειρήν]
739 769 927 828 circumcirca.
969 771 1018 830 Sic
1037 773 1180 848 intelligo.
1220 773 1360 852 anuutio
1380 780 1434 837 sliu

340 849 412 906 mihi
423 847 549 905 nondum
559 849 647 905 obvia
658 846 720 906 init.
742 848 843 906 Wocr.
878 848 942 906 Mos
954 848 1119 908 Hesiodeus
1127 853 1255 928 postulat
1268 855 1365 932 despuis
1376 855 1433 932 cipi.

340 923 498 982 Caeterdm
514 944 589 1002 quae
605 926 669 984 inde
685 924 701 984 a
723 931 791 999 799,
814 928 884 986 ἔνθα
898 925 975 1001 esci,
988 929 1025 986 ad
1041 948 1069 987 r.
1084 935 1154 1002 745,
1167 939 1337 1006 sequuntur,
1348 941 1433 1010 passim

340 1004 531 1063 iserioribus
547 1003 697 1079 rhapsodis
712 1004 890 1080 amplificata
914 1023 978 1063 esse
1003 1009 1146 1084 suspicari
1169 1009 1250 1072 licet.
1292 1009 1432 1072 Cohaereot

339 1085 417 1140 inter
429 1102 461 1140 se
477 1081 585 1140 tantum
601 1083 669 1140 illa:
691 1083 764 1159 quod
786 1083 922 1142 Tartarus
934 1103 1013 1142 muro
1034 1087 1136 1144 obeaeo
1157 1087 1263 1146 emarus
1285 1100 1332 1162 at,
1351 1093 1432 1168 &aaa

336 1162 491 1243 pinnacula
506 1162 628 1219 tenebrae
642 1161 774 1235 obsideat,
788 1161 874 1240 staprd
886 1182 946 1220 eum
960 1165 1024 1222 uerd
1045 1175 1134 1224 terrac
1144 1165 1430 1244 etmarisfaudcmu

337 1261 384 1298 seu
398 1241 504 1297 radices
518 1244 705 1298 subtr-728.
721 1239 862 1317 cadensque
875 1240 907 1296 s'a
918 1241 974 1300 loco
988 1242 1088 1300 Noctis
1102 1244 1204 1302 domus.
1226 1250 1297 1316 744,
1312 1251 1339 1304 5.
1374 1249 1430 1306 Nan

339 1338 421 1376 mera
436 1322 577 1394 repetitio
591 1317 608 1374 d
622 1318 822 1393 superioribus
837 1321 923 1376 estin
949 1337 1004 1377 uss.
1031 1325 1196 1394 729-733,
1218 1327 1379 1382 736-744.
1410 1329 1429 1384 ln

338 1399 447 1456 ultimis
463 1393 513 1455 sai
529 1395 654 1459 Νυκτὸς
668 1399 707 1474 ἐρ.
728 1393 905 1461 accatucci
919 1395 1046 1470 ἕστηκεν
1061 1399 1162 1474 param
1176 1402 1328 1460 commodi
1346 1404 1429 1464 dictum

314 1520 319 1533 ,
338 1484 392 1550 est,
406 1495 474 1534 cum
488 1475 589 1533 saltem
604 1479 763 1550 repetitum
778 1493 842 1532 esse
858 1476 983 1534 deberet
996 1479 1074 1535 iudo·
1108 1478 1198 1536 codun
1220 1500 1324 1559 pupae
1345 1483 1373 1538 is
1390 1483 1429 1540 too

337 1556 444 1614 Noctis
458 1555 547 1612 aedes
560 1561 640 1625 suot;
655 1562 687 1612 ut
702 1559 771 1626 758,
786 1554 877 1612 ecdem
890 1554 922 1611 iu
936 1555 993 1612 loco
1014 1556 1134 1614 Somnus
1149 1563 1179 1613 et
1197 1557 1277 1616 Mors
1291 1559 1384 1618 domos
1394 1561 1428 1618 lu·

337 1635 418 1707 beot,
433 1638 465 1692 et
479 1638 546 1706 767,
562 1632 661 1690 Hades
672 1639 703 1691 et
718 1632 894 1708 Proserpina
909 1639 941 1690 et
955 1633 1035 1710 Styx.
1076 1633 1235 1694 Caeterdm
1250 1655 1288 1694 ex
1304 1637 1348 1696 his
1360 1639 1390 1696 ad
1401 1645 1428 1696 ia

336 1713 528 1788 telligendum
544 1714 572 1769 ln
586 1719 703 1786 promtu
718 1719 773 1783 est,
792 1710 942 1770 Tartenum
955 1720 1042 1771 antea
1056 1714 1151 1771 locum
1171 1713 1273 1772 Hodce
1286 1717 1427 1783 obtinuisse.

336 1795 384 1848 cui
400 1810 563 1868 mororum
574 1794 723 1848 successit„
766 1791 907 1865 Virgilius
919 1790 1078 1850 Tartarum
1092 1791 1129 1850 ab
1144 1791 1244 1868 Elysio
1253 1793 1427 1870 sejunctmn‘u

335 1871 406 1929 locis
422 1868 523 1928 inieris
537 1868 704 1942 collocavit,
719 1868 932 1926 sceleratorum
953 1871 1071 1929 sedem:
1091 1871 1165 1930 Aen.
1181 1876 1222 1946 vi,
1243 1877 1312 1947 548,
1324 1893 1362 1951 sq.
1374 1881 1428 1932 etin

332 1948 457 2015 Excurs.
473 1966 501 2023 p.
516 1952 584 2006 658.
605 1947 715 2004 Harsa.
746 1944 762 1966 ''
772 1946 842 2004 Exc.
858 1967 918 2004 vm.

374 2032 442 2086 798.
461 2023 643 2101 -πεφύασι]
665 2027 758 2083 Scrib.
774 2024 914 2100 πεφύασι,
925 2033 958 2084 ut
968 2027 1048 2084 editt
1060 2027 1202 2086 Trlncav.
1218 2029 1322 2104 Steplu
1335 2033 1381 2090 iac.
1393 2050 1428 2090 ex·

334 2107 446 2165 hibent
489 2106 647 2177 Πεφύκασι
662 2105 841 2180 antepenult.
863 2105 1034 2179 productam
1049 2105 1180 2165 liaberet.
1203 2107 1304 2166 Woar.

374 2191 440 2242 739.
460 2182 598 2246 -πύλας
613 2185 640 2240 d'
654 2182 780 2254 ἐπέθηκε
796 2182 962 2259 Ποσειδῶν]
983 2182 1071 2256 Quod
1086 2185 1243 2261 Neptunus
1258 2187 1361 2246 dicitur
1372 2188 1429 2246 Tar-

333 2270 428 2322 tarum
444 2267 601 2321 munivisse
616 2266 719 2336 portis‚
733 2279 808 2337 quae
824 2266 937 2320 exitum
952 2263 1107 2320 Titanibus
1130 2265 1366 2340 praecluderent,
1386 2285 1427 2324 noo

332 2343 489 2414 Vulcanus,
505 2341 585 2398 recte
599 2344 724 2398 mireris.
758 2340 884 2398 Causam
898 2345 1056 2399 commenti
1072 2359 1157 2400 unam
1171 2343 1249 2400 hanc
1263 2345 1359 2418 video,
1370 2365 1400 2420 qn
1415 2345 1428 2400 d

333 2422 391 2478 hoc
406 2427 551 2495 tempore,
566 2421 603 2476 de
618 2437 675 2495 quo
690 2437 765 2476 nunc
780 2437 877 2476 sermo
894 2427 949 2493 est,
971 2420 1118 2478 Vulcanus
1142 2439 1181 2479 ex
1207 2423 1330 2482 Hesiodi
1350 2431 1427 2480 mente

332 2500 459 2558 nondum
473 2504 556 2556 natus
570 2497 670 2570 fuerit,
685 2517 772 2572 quem
783 2503 843 2554 tum
858 2497 985 2572 demum,
999 2497 1089 2556 0de
1093 2503 1156 2558 osis
1164 2505 1322 2576 imperium
1327 2502 1428 2578 jamsta·

333 2579 450 2636 bilitum
468 2584 543 2650 erat,
565 2577 684 2652 prodire
700 2576 833 2634 videmus
848 2596 876 2634 v.
892 2581 957 2635 997.
974 2577 1056 2635 iden.
1082 2579 1157 2638 Vide
1172 2581 1261 2655 suprai
1277 2581 1314 2637 ad
1332 2599 1357 2638 r.
1377 2587 1427 2637 709.

262 2662 320 2717 78.
371 2661 536 2714 uss—tta.
558 2655 644 2713 Ενθα
658 2653 744 2731 δὲ-]
768 2657 798 2712 ln
813 2657 1002 2732 sequentibus
1016 2656 1169 2715 dubito'an
1184 2663 1282 2717 omnia
1297 2659 1333 2716 ab
1345 2659 1428 2717 Hesio·

331 2737 368 2794 do
383 2742 448 2794 sunt
462 2741 494 2792 et
506 2738 575 2792 satis
589 2751 666 2792 sana.
709 2734 819 2792 Partim
834 2735 909 2792 haec
919 2734 981 2810 jam
1003 2741 1089 2793 antea
1103 2736 1192 2809 dicta,
1216 2741 1326 2813 partim
1347 2755 1428 2796 sersus

330 2817 367 2874 ab
384 2816 516 2872 Homero
531 2811 653 2870 mutuati
668 2819 743 2884 sunt,
759 2817 902 2870 utstatim
918 2833 945 2871 v.
971 2817 1038 2871 739.
1062 2829 1101 2872 ex
1127 2816 1158 2872 ll.
1181 2834 1208 2888 υ,
1233 2820 1281 2874 65.
1323 2816 1355 2872 V.
1377 2823 1427 2886 ut,

300 2921 304 2930 ’
330 2895 413 2952 malit
423 2894 549 2951 Guletns
562 2894 627 2950 ἵκοι1
651 2892 819 2968 εἰ-γένοιο,
835 2892 889 2949 uda
904 2910 968 2967 per.
983 2893 1034 2950 sed
1049 2891 1124 2952 sorte
1140 2912 1187 2956 acc
1209 2895 1337 2970 intelligi
1350 2895 1428 2951 debet.

329 2973 410 3031 Tum
424 2977 530 3030 constr.
545 2969 661 3029 θύελλα
676 2971 792 3049 θυέλλῃ
805 2969 939 3048 προφέροι
956 2991 1007 3029 κεν
1028 2972 1098 3030 ἔνθα
1124 2971 1175 3030 καὶ
1196 2974 1276 3030 iulia.
1320 2973 1386 3032 Vide
1406 2973 1427 3028 ll.

330 3057 354 3126 ζ,
369 3055 437 3123 946,
452 3050 506 3107 od.
520 3069 547 3121 υ,
561 3053 609 3107 63.
654 3050 762 3106 Unuca
783 3049 843 3106 alic
861 3051 985 3128 procella
1011 3070 1070 3108 cum
1091 3049 1171 3108 modi
1195 3052 1247 3110 bac
1277 3051 1355 3110 modi
1379 3053 1428 3108 itu

329 3129 474 3264 abriperlep.
511 3128 593 3185 ldcm.
615 3126 710 3185 ”796.
732 3128 811 3186 Hinc
831 3145 940 3186 norum
962 3132 1043 3204 quasi
1059 3129 1214 3188 exordium
1229 3128 1346 3188 lactum.
1372 3131 1427 3188 Vide

329 3209 417 3265 Wol.
464 3250 470 3262 .

369 3292 437 3365 745.
455 3285 671 3362 ‘Mamaea-q
693 3286 755 3352 Suc
766 3308 778 3356 ,·
799 3290 830 3342 et
850 3286 938 3360 paulo
963 3291 1037 3362 post,
1055 3285 1201 3359 Ἐστηώς,
1224 3303 1281 3362 pro
1306 3287 1427 3357 έστηιὲκ.

328 3377 411 3426 stam.
452 3364 526 3421 Vide
542 3364 607 3421 Vol.
623 3365 644 3420 l.
659 3365 695 3420 ad
710 3382 739 3441 p.
754 3369 801 3422 98.
817 3383 843 3421 a.
859 3369 887 3421 3.

368 3448 434 3504 749.
454 3441 685 3516 -οῑμειὸόμεναι
705 3461 737 3516 μ.
751 3453 798 3502 ὀυ.
827 3443 871 3519 χ.]
892 3441 1008 3500 auersis
1028 3443 1135 3502 uioibsu
1155 3443 1297 3502 mbeusua
1319 3463 1427 3522 magnum

327 3526 412 3583 limen
425 3543 542 3580 ameum.

367 3607 434 3662 750.
453 3595 727 3676 -καταὸήσεταιῆ
748 3600 873 3657 Guletus
883 3617 959 3657 corr.
982 3597 1176 3658 καταδύεται.
1218 3599 1277 3658 Sed
1293 3599 1426 3660 suturuni

325 3683 449 3742 Graecis
463 3678 579 3754 saepids
593 3698 648 3755 pro
663 3697 723 3734 aor.
738 3682 808 3753 poni
822 3679 905 3735 solet.
927 3679 1027 3736 Wonr.
1049 3677 1255 3750 καταθήσεται
1283 3679 1373 3754 petiis
1391 3695 1427 3734 no

325 3780 394 3822 uum
410 3761 527 3817 videtur
540 3775 605 3814 esse
621 3774 717 3832 praes.
733 3757 811 3834 idom
826 3757 901 3832 quod
916 3757 952 3814 ad
966 3755 1090 3814 sormam
1105 3773 1139 3814 sc
1154 3755 1205 3815 sut.
1223 3762 1249 3815 1.
1264 3759 1342 3816 med
1370 3756 1426 3812 Vide

325 3839 435 3898 Clarke
452 3839 487 3894 ad
502 3837 588 3893 Hom.
604 3837 685 3893 lliad.
700 3855 724 3908 ε,
742 3840 806 3893 109.
822 3835 871 3892 ubi
887 3839 934 3894 vir
949 3839 1147 3894 ornatissimus
1162 3835 1219 3893 hoc
1231 3853 1340 3895 novum
1350 3851 1426 3912 praes.

324 3914 531 3989 καταθήσομαι
554 3933 611 3971 non
631 3918 779 3990 agnoscit3
801 3931 964 3989 quanquam
985 3916 1117 3989 analogii
1140 3931 1197 3970 non
1220 3915 1353 3973 dissimili
1375 3929 1426 3989 per

322 3996 569 4135 will?
585 3991 1026 4130 ‘'tttllttltttllt
1039 3989 1426 4131 lltlttttttiltt

322 4118 459 4218 Clarklus
474 4152 547 4225 legit
561 4090 762 4223 κὲτεὲήσατο,
781 4152 810 4206 in
833 4089 894 4206 gor.
937 4149 995 4206 Sed
1018 4155 1050 4206 et
1070 4151 1217 4208 invenitur
1239 4090 1424 4220 :luaag'iitim

321 4236 370 4315 [ll.
383 4250 408 4305 o,
423 4229 504 4305 382]
520 4235 690 4304 usurpatum
704 4233 840 4304 tanquam
855 4235 970 4304 tempus
983 4245 1080 4303 praes.
1094 4227 1172 4303 quod
1196 4232 1244 4288 uir
1265 4231 1425 4288 acutissimus

322 4314 441 4374 videtur
454 4326 512 4366 non
526 4309 706 4365 observasse.

361 4395 429 4452 toa.
450 4385 567 4460 Μίμνει
581 4385 651 4458 τήν,
666 4383 732 4460 ico]
754 4381 891 4464 Expectat
905 4395 1009 4463 tempus
1022 4385 1067 4443 sui
1089 4385 1209 4460 ilicem,
1223 4383 1307 4444 donec
1328 4380 1424 4468 νικενζί,

321 4476 342 4538 ἰ
357 4490 384 4530 e.
398 4487 455 4546 per
467 4473 569 4530 notum
582 4465 796 4538 Graecianum,
810 4463 909 4524 Mouet
924 4461 1008 4526 donec
1022 4474 1125 4546 tenpus
1137 4465 1182 4526 sui
1200 4464 1310 4524 uiuam
1328 4468 1423 4522 cracat-
