<?xml version="1.0" encoding="UTF-8"?>
<!DOCTYPE html PUBLIC "-//W3C//DTD XHTML 1.0 Transitional//EN"
    "http://www.w3.org/TR/xhtml1/DTD/xhtml1-transitional.dtd">
<html xmlns="http://www.w3.org/1999/xhtml" xml:lang="en" lang="en">
 <head>
  <title>
</title>
<meta http-equiv="Content-Type" content="text/html;charset=utf-8" />
  <meta name='ocr-system' content='tesseract 3.04.00' />
  <meta name='ocr-capabilities' content='ocr_page ocr_carea ocr_par ocr_line ocrx_word'/>
</head>
<body>
  <div class='ocr_page' id='page_1' title='image "./analektahellnik09dalzgoog_0013.png"; bbox 0 0 3034 5217; ppageno 0'>
   <div class='ocr_carea' id='block_1_1' title="bbox 554 715 905 795">
    <p class='ocr_par' dir='ltr' id='par_1_1' title="bbox 554 715 905 795">
     <span class='ocr_line' id='line_1_1' title="bbox 554 715 905 795; baseline -0.003 -1"><span class='ocrx_word' id='word_1_1' title='bbox 554 715 905 795; x_wconf 77' lang='lat' dir='ltr'><strong>PRAEFATIO</strong></span> 
     </span>
    </p>
   </div>
   <div class='ocr_carea' id='block_1_2' title="bbox 432 992 1036 1075">
    <p class='ocr_par' dir='ltr' id='par_1_2' title="bbox 432 992 1036 1075">
     <span class='ocr_line' id='line_1_2' title="bbox 432 992 1036 1075; baseline -0.012 -2"><span class='ocrx_word' id='word_1_2' title='bbox 432 994 714 1075; x_wconf 80' lang='lat' dir='ltr'><strong>SECUNDAE</strong></span> <span class='ocrx_word' id='word_1_3' title='bbox 748 992 1036 1071; x_wconf 85' lang='lat' dir='ltr'><strong>EDlTlONIS.</strong></span> 
     </span>
    </p>
   </div>
   <div class='ocr_carea' id='block_1_3' title="bbox 7 1546 1284 2023">
    <p class='ocr_par' dir='ltr' id='par_1_3' title="bbox 7 1546 1284 2023">
     <span class='ocr_line' id='line_1_3' title="bbox 181 1546 1284 1647; baseline -0.002 -20"><span class='ocrx_word' id='word_1_4' title='bbox 181 1546 566 1636; x_wconf 80' lang='lat' dir='ltr'>INDULGENTIA,</span> <span class='ocrx_word' id='word_1_5' title='bbox 578 1572 648 1647; x_wconf 88' lang='lat' dir='ltr'>qua</span> <span class='ocrx_word' id='word_1_6' title='bbox 660 1564 810 1647; x_wconf 89' lang='lat' dir='ltr'>excepta</span> <span class='ocrx_word' id='word_1_7' title='bbox 822 1563 877 1622; x_wconf 88' lang='lat' dir='ltr'>est</span> <span class='ocrx_word' id='word_1_8' title='bbox 892 1547 986 1647; x_wconf 90' lang='lat' dir='ltr'>apud</span> <span class='ocrx_word' id='word_1_9' title='bbox 1003 1548 1159 1623; x_wconf 88' lang='lat' dir='ltr'>eruditos</span> <span class='ocrx_word' id='word_1_10' title='bbox 1177 1546 1284 1625; x_wconf 86' lang='lat' dir='ltr'>Prae·</span> 
     </span>
     <span class='ocr_line' id='line_1_4' title="bbox 130 1674 1283 1779; baseline -0.002 -27"><span class='ocrx_word' id='word_1_11' title='bbox 130 1695 293 1779; x_wconf 88' lang='lat' dir='ltr'>ceptores</span> <span class='ocrx_word' id='word_1_12' title='bbox 310 1678 404 1777; x_wconf 93' lang='lat' dir='ltr'>prior</span> <span class='ocrx_word' id='word_1_13' title='bbox 417 1678 521 1774; x_wconf 91' lang='lat' dir='ltr'>hujus</span> <span class='ocrx_word' id='word_1_14' title='bbox 534 1676 664 1774; x_wconf 67' lang='lat' dir='ltr'>poetici</span> <span class='ocrx_word' id='word_1_15' title='bbox 678 1676 868 1749; x_wconf 87' lang='lat' dir='ltr'>voluminis</span> <span class='ocrx_word' id='word_1_16' title='bbox 881 1674 1002 1763; x_wconf 89' lang='lat' dir='ltr'>editi0‚</span> <span class='ocrx_word' id='word_1_17' title='bbox 1013 1676 1131 1750; x_wconf 83' lang='lat' dir='ltr'>effecit</span> <span class='ocrx_word' id='word_1_18' title='bbox 1141 1693 1191 1766; x_wconf 90' lang='lat' dir='ltr'>ut,</span> <span class='ocrx_word' id='word_1_19' title='bbox 1205 1676 1283 1751; x_wconf 92' lang='lat' dir='ltr'>red·</span> 
     </span>
     <span class='ocr_line' id='line_1_5' title="bbox 7 1801 1284 1903; baseline -0.002 -25"><span class='ocrx_word' id='word_1_20' title='bbox 7 1898 8 1903; x_wconf 9' lang='lat'>¹</span> <span class='ocrx_word' id='word_1_21' title='bbox 131 1803 315 1903; x_wconf 82' lang='lat' dir='ltr'>integratis</span> <span class='ocrx_word' id='word_1_22' title='bbox 332 1803 477 1890; x_wconf 89' lang='lat' dir='ltr'>viribus,</span> <span class='ocrx_word' id='word_1_23' title='bbox 495 1803 586 1875; x_wconf 89' lang='lat' dir='ltr'>hanc</span> <span class='ocrx_word' id='word_1_24' title='bbox 610 1826 737 1875; x_wconf 84' lang='lat' dir='ltr'>novam</span> <span class='ocrx_word' id='word_1_25' title='bbox 752 1801 944 1875; x_wconf 89' lang='lat' dir='ltr'>eomndem</span> <span class='ocrx_word' id='word_1_26' title='bbox 956 1802 1074 1876; x_wconf 90' lang='lat' dir='ltr'>savore</span> <span class='ocrx_word' id='word_1_27' title='bbox 1087 1803 1284 1901; x_wconf 86' lang='lat' dir='ltr'>digniorem</span> 
     </span>
     <span class='ocr_line' id='line_1_6' title="bbox 7 1922 1284 2023; baseline -0.003 -19"><span class='ocrx_word' id='word_1_28' title='bbox 7 1922 8 1925; x_wconf 25' lang='lat'>¹</span> <span class='ocrx_word' id='word_1_29' title='bbox 132 1929 277 2005; x_wconf 79' lang='lat' dir='ltr'>reddere</span> <span class='ocrx_word' id='word_1_30' title='bbox 295 1953 453 2001; x_wconf 89' lang='lat' dir='ltr'>conarer.</span> <span class='ocrx_word' id='word_1_31' title='bbox 498 1924 689 2001; x_wconf 88' lang='lat' dir='ltr'>Enarranti</span> <span class='ocrx_word' id='word_1_32' title='bbox 707 1926 803 1999; x_wconf 89' lang='lat' dir='ltr'>enim</span> <span class='ocrx_word' id='word_1_33' title='bbox 821 1926 907 1999; x_wconf 88' lang='lat' dir='ltr'>mihi</span> <span class='ocrx_word' id='word_1_34' title='bbox 924 1928 1077 2023; x_wconf 83' lang='lat' dir='ltr'>priorem</span> <span class='ocrx_word' id='word_1_35' title='bbox 1094 1928 1284 2001; x_wconf 87' lang='lat' dir='ltr'>editionem</span> 
     </span>
    </p>
   </div>
   <div class='ocr_carea' id='block_1_4' title="bbox 7 2042 1286 2280">
    <p class='ocr_par' dir='ltr' id='par_1_4' title="bbox 7 2042 1286 2280">
     <span class='ocr_line' id='line_1_7' title="bbox 7 2042 1286 2155; baseline -0.002 -26"><span class='ocrx_word' id='word_1_36' title='bbox 7 2042 8 2047; x_wconf 24' lang='lat'>¹</span> <span class='ocrx_word' id='word_1_37' title='bbox 132 2054 281 2155; x_wconf 93' lang='lat' dir='ltr'>propriis</span> <span class='ocrx_word' id='word_1_38' title='bbox 291 2051 474 2151; x_wconf 90' lang='lat' dir='ltr'>discipulis</span> <span class='ocrx_word' id='word_1_39' title='bbox 485 2051 597 2125; x_wconf 90' lang='lat' dir='ltr'>multa</span> <span class='ocrx_word' id='word_1_40' title='bbox 609 2066 723 2124; x_wconf 88' lang='lat' dir='ltr'>errata</span> <span class='ocrx_word' id='word_1_41' title='bbox 738 2052 995 2150; x_wconf 83' lang='lat' dir='ltr'>typographica</span> <span class='ocrx_word' id='word_1_42' title='bbox 1012 2051 1048 2124; x_wconf 93' lang='lat' dir='ltr'>in</span> <span class='ocrx_word' id='word_1_43' title='bbox 1066 2068 1176 2140; x_wconf 86' lang='lat' dir='ltr'>textu,</span> <span class='ocrx_word' id='word_1_44' title='bbox 1195 2052 1286 2126; x_wconf 88' lang='lat' dir='ltr'>mul-</span> 
     </span>
     <span class='ocr_line' id='line_1_8' title="bbox 7 2172 1283 2280; baseline -0.002 -25"><span class='ocrx_word' id='word_1_45' title='bbox 7 2172 9 2181; x_wconf 59' lang='grc'>’</span> <span class='ocrx_word' id='word_1_46' title='bbox 133 2180 435 2280; x_wconf 88' lang='lat' dir='ltr'>tosquedefectus</span> <span class='ocrx_word' id='word_1_47' title='bbox 458 2181 604 2255; x_wconf 86' lang='lat' dir='ltr'>innotis</span> <span class='ocrx_word' id='word_1_48' title='bbox 632 2180 774 2253; x_wconf 83' lang='lat' dir='ltr'>occasio</span> <span class='ocrx_word' id='word_1_49' title='bbox 800 2178 1087 2278; x_wconf 91' lang='lat' dir='ltr'>deprehendendi</span> <span class='ocrx_word' id='word_1_50' title='bbox 1108 2180 1192 2254; x_wconf 88' lang='lat' dir='ltr'>data</span> <span class='ocrx_word' id='word_1_51' title='bbox 1217 2196 1283 2255; x_wconf 88' lang='lat' dir='ltr'>est.</span> 
     </span>
    </p>
   </div>
   <div class='ocr_carea' id='block_1_5' title="bbox 132 2306 1286 2785">
    <p class='ocr_par' dir='ltr' id='par_1_5' title="bbox 132 2306 1286 2785">
     <span class='ocr_line' id='line_1_9' title="bbox 135 2306 1286 2406; baseline -0.002 -23"><span class='ocrx_word' id='word_1_52' title='bbox 135 2308 200 2383; x_wconf 90' lang='lat' dir='ltr'>Illa</span> <span class='ocrx_word' id='word_1_53' title='bbox 211 2325 251 2383; x_wconf 92' lang='lat' dir='ltr'>ut</span> <span class='ocrx_word' id='word_1_54' title='bbox 262 2306 512 2395; x_wconf 88' lang='lat' dir='ltr'>tollerem,bos</span> <span class='ocrx_word' id='word_1_55' title='bbox 524 2322 564 2379; x_wconf 93' lang='lat' dir='ltr'>ut</span> <span class='ocrx_word' id='word_1_56' title='bbox 577 2306 789 2406; x_wconf 86' lang='lat' dir='ltr'>supplerem,</span> <span class='ocrx_word' id='word_1_57' title='bbox 805 2311 946 2380; x_wconf 80' lang='lat' dir='ltr'>strenue</span> <span class='ocrx_word' id='word_1_58' title='bbox 958 2306 1125 2380; x_wconf 85' lang='lat' dir='ltr'>laboravi.</span> <span class='ocrx_word' id='word_1_59' title='bbox 1152 2307 1286 2381; x_wconf 89' lang='lat' dir='ltr'>Vereor</span> 
     </span>
     <span class='ocr_line' id='line_1_10' title="bbox 134 2430 1285 2531; baseline -0.003 -23"><span class='ocrx_word' id='word_1_60' title='bbox 134 2450 251 2508; x_wconf 89' lang='lat' dir='ltr'>tamen</span> <span class='ocrx_word' id='word_1_61' title='bbox 268 2459 314 2508; x_wconf 91' lang='lat' dir='ltr'>ne</span> <span class='ocrx_word' id='word_1_62' title='bbox 331 2432 512 2531; x_wconf 88' lang='lat' dir='ltr'>utriusque</span> <span class='ocrx_word' id='word_1_63' title='bbox 530 2432 669 2531; x_wconf 83' lang='lat' dir='ltr'>generis</span> <span class='ocrx_word' id='word_1_64' title='bbox 687 2430 861 2530; x_wconf 85' lang='lat' dir='ltr'>quaedam</span> <span class='ocrx_word' id='word_1_65' title='bbox 888 2431 1004 2505; x_wconf 85' lang='lat' dir='ltr'>adbuc</span> <span class='ocrx_word' id='word_1_66' title='bbox 1031 2447 1186 2505; x_wconf 86' lang='lat' dir='ltr'>restent:</span> <span class='ocrx_word' id='word_1_67' title='bbox 1213 2431 1285 2504; x_wconf 90' lang='lat' dir='ltr'>Ve-</span> 
     </span>
     <span class='ocr_line' id='line_1_11' title="bbox 134 2557 1284 2656; baseline -0.002 -23"><span class='ocrx_word' id='word_1_68' title='bbox 134 2562 208 2633; x_wconf 85' lang='lat' dir='ltr'>rdm</span> <span class='ocrx_word' id='word_1_69' title='bbox 226 2560 295 2633; x_wconf 88' lang='lat' dir='ltr'>hoc</span> <span class='ocrx_word' id='word_1_70' title='bbox 312 2557 520 2631; x_wconf 87' lang='lat' dir='ltr'>confirmare</span> <span class='ocrx_word' id='word_1_71' title='bbox 547 2557 672 2645; x_wconf 85' lang='lat' dir='ltr'>audeo,</span> <span class='ocrx_word' id='word_1_72' title='bbox 700 2558 828 2631; x_wconf 94' lang='lat' dir='ltr'>librum</span> <span class='ocrx_word' id='word_1_73' title='bbox 857 2558 962 2656; x_wconf 75' lang='lat' dir='ltr'>longe</span> <span class='ocrx_word' id='word_1_74' title='bbox 992 2562 1097 2656; x_wconf 76' lang='lat' dir='ltr'>qnam</span> <span class='ocrx_word' id='word_1_75' title='bbox 1124 2557 1284 2646; x_wconf 89' lang='lat' dir='ltr'>antebac,</span> 
     </span>
     <span class='ocr_line' id='line_1_12' title="bbox 132 2683 1286 2785; baseline -0.001 -26"><span class='ocrx_word' id='word_1_76' title='bbox 132 2686 337 2785; x_wconf 87' lang='lat' dir='ltr'>praesertim</span> <span class='ocrx_word' id='word_1_77' title='bbox 356 2684 393 2759; x_wconf 93' lang='lat' dir='ltr'>in</span> <span class='ocrx_word' id='word_1_78' title='bbox 410 2684 515 2773; x_wconf 78' lang='lat' dir='ltr'>notia,</span> <span class='ocrx_word' id='word_1_79' title='bbox 534 2684 783 2758; x_wconf 86' lang='lat' dir='ltr'>absolutiorem</span> <span class='ocrx_word' id='word_1_80' title='bbox 802 2709 897 2758; x_wconf 90' lang='lat' dir='ltr'>nunc</span> <span class='ocrx_word' id='word_1_81' title='bbox 913 2684 1081 2758; x_wconf 85' lang='lat' dir='ltr'>evasisse.</span> <span class='ocrx_word' id='word_1_82' title='bbox 1126 2683 1286 2758; x_wconf 85' lang='lat' dir='ltr'>Conatus</span> 
     </span>
    </p>
   </div>
   <div class='ocr_carea' id='block_1_6' title="bbox 8 2808 1289 3165">
    <p class='ocr_par' dir='ltr' id='par_1_6' title="bbox 8 2808 1289 3165">
     <span class='ocr_line' id='line_1_13' title="bbox 8 2808 1289 2907; baseline 0.002 -28"><span class='ocrx_word' id='word_1_83' title='bbox 8 2822 9 2879; x_wconf 83' lang='lat' dir='ltr'>J</span> <span class='ocrx_word' id='word_1_84' title='bbox 134 2828 251 2884; x_wconf 89' lang='lat' dir='ltr'>antem</span> <span class='ocrx_word' id='word_1_85' title='bbox 285 2810 356 2883; x_wconf 91' lang='lat' dir='ltr'>mei</span> <span class='ocrx_word' id='word_1_86' title='bbox 383 2810 533 2883; x_wconf 88' lang='lat' dir='ltr'>multum</span> <span class='ocrx_word' id='word_1_87' title='bbox 562 2809 693 2883; x_wconf 89' lang='lat' dir='ltr'>debent</span> <span class='ocrx_word' id='word_1_88' title='bbox 721 2808 860 2882; x_wconf 87' lang='lat' dir='ltr'>duobus</span> <span class='ocrx_word' id='word_1_89' title='bbox 886 2809 1102 2882; x_wconf 87' lang='lat' dir='ltr'>doctissimis</span> <span class='ocrx_word' id='word_1_90' title='bbox 1131 2808 1289 2907; x_wconf 85' lang='lat' dir='ltr'>mihique</span> 
     </span>
     <span class='ocr_line' id='line_1_14' title="bbox 8 2931 1286 3034; baseline -0.001 -25"><span class='ocrx_word' id='word_1_91' title='bbox 8 2956 9 2983; x_wconf 73' lang='lat'><em>³</em></span> <span class='ocrx_word' id='word_1_92' title='bbox 133 2935 357 3009; x_wconf 86' lang='lat' dir='ltr'>amicissimis</span> <span class='ocrx_word' id='word_1_93' title='bbox 374 2934 470 3025; x_wconf 87' lang='lat' dir='ltr'>viris,</span> <span class='ocrx_word' id='word_1_94' title='bbox 489 2960 637 3034; x_wconf 90' lang='lat' dir='ltr'>quorum</span> <span class='ocrx_word' id='word_1_95' title='bbox 651 2936 796 3010; x_wconf 90' lang='lat' dir='ltr'>nomina</span> <span class='ocrx_word' id='word_1_96' title='bbox 816 2934 991 3031; x_wconf 83' lang='lat' dir='ltr'>benignus</span> <span class='ocrx_word' id='word_1_97' title='bbox 1005 2931 1137 3007; x_wconf 86' lang='lat' dir='ltr'>Lector</span> <span class='ocrx_word' id='word_1_98' title='bbox 1154 2934 1189 3007; x_wconf 90' lang='lat' dir='ltr'>in</span> <span class='ocrx_word' id='word_1_99' title='bbox 1206 2959 1286 3033; x_wconf 91' lang='lat' dir='ltr'>pro-</span> 
     </span>
     <span class='ocr_line' id='line_1_15' title="bbox 9 3060 1040 3165; baseline -0.005 -28"><span class='ocrx_word' id='word_1_100' title='bbox 9 3076 10 3121; x_wconf 62' lang='lat' dir='ltr'><strong>f</strong></span> <span class='ocrx_word' id='word_1_101' title='bbox 133 3062 249 3165; x_wconf 85' lang='lat' dir='ltr'>oemio</span> <span class='ocrx_word' id='word_1_102' title='bbox 266 3062 311 3137; x_wconf 90' lang='lat' dir='ltr'>ad</span> <span class='ocrx_word' id='word_1_103' title='bbox 328 3078 430 3136; x_wconf 89' lang='lat' dir='ltr'>notas</span> <span class='ocrx_word' id='word_1_104' title='bbox 448 3062 540 3137; x_wconf 74' lang='lat' dir='ltr'>infra</span> <span class='ocrx_word' id='word_1_105' title='bbox 556 3076 833 3136; x_wconf 92' lang='lat' dir='ltr'>commemorata</span> <span class='ocrx_word' id='word_1_106' title='bbox 849 3060 1040 3135; x_wconf 71' lang='lat' dir='ltr'>inveniet*</span> 
     </span>
    </p>
   </div>
   <div class='ocr_carea' id='block_1_7' title="bbox 131 3186 1288 4422">
    <p class='ocr_par' dir='ltr' id='par_1_7' title="bbox 131 3186 1288 4422">
     <span class='ocr_line' id='line_1_16' title="bbox 182 3186 1287 3287; baseline 0.002 -27"><span class='ocrx_word' id='word_1_107' title='bbox 182 3186 369 3278; x_wconf 82' lang='lat' dir='ltr'>Quonmrr</span> <span class='ocrx_word' id='word_1_108' title='bbox 404 3189 587 3287; x_wconf 85' lang='lat' dir='ltr'>sequentia</span> <span class='ocrx_word' id='word_1_109' title='bbox 613 3214 658 3262; x_wconf 87' lang='lat' dir='ltr'>ex</span> <span class='ocrx_word' id='word_1_110' title='bbox 687 3188 793 3261; x_wconf 89' lang='lat' dir='ltr'>variis</span> <span class='ocrx_word' id='word_1_111' title='bbox 820 3186 943 3261; x_wconf 70' lang='lat' dir='ltr'>Poetis</span> <span class='ocrx_word' id='word_1_112' title='bbox 972 3186 1153 3287; x_wconf 85' lang='lat' dir='ltr'>Excerpta</span> <span class='ocrx_word' id='word_1_113' title='bbox 1181 3212 1219 3260; x_wconf 89' lang='lat' dir='ltr'>se</span> <span class='ocrx_word' id='word_1_114' title='bbox 1241 3212 1287 3262; x_wconf 87' lang='lat' dir='ltr'>ex</span> 
     </span>
     <span class='ocr_line' id='line_1_17' title="bbox 135 3313 1286 3416; baseline 0.002 -29"><span class='ocrx_word' id='word_1_115' title='bbox 135 3313 278 3411; x_wconf 90' lang='lat' dir='ltr'>optimis</span> <span class='ocrx_word' id='word_1_116' title='bbox 305 3314 501 3413; x_wconf 91' lang='lat' dir='ltr'>quibusque</span> <span class='ocrx_word' id='word_1_117' title='bbox 531 3316 762 3404; x_wconf 85' lang='lat' dir='ltr'>editionibus,</span> <span class='ocrx_word' id='word_1_118' title='bbox 791 3341 880 3413; x_wconf 91' lang='lat' dir='ltr'>quae</span> <span class='ocrx_word' id='word_1_119' title='bbox 908 3315 1103 3416; x_wconf 90' lang='lat' dir='ltr'>comparari</span> <span class='ocrx_word' id='word_1_120' title='bbox 1130 3328 1286 3414; x_wconf 87' lang='lat' dir='ltr'>possent,</span> 
     </span>
     <span class='ocr_line' id='line_1_18' title="bbox 132 3439 1287 3541; baseline 0.002 -30"><span class='ocrx_word' id='word_1_121' title='bbox 132 3439 319 3537; x_wconf 88' lang='lat' dir='ltr'>desumpta</span> <span class='ocrx_word' id='word_1_122' title='bbox 333 3465 413 3513; x_wconf 90' lang='lat' dir='ltr'>esse</span> <span class='ocrx_word' id='word_1_123' title='bbox 431 3465 514 3538; x_wconf 91' lang='lat' dir='ltr'>prae</span> <span class='ocrx_word' id='word_1_124' title='bbox 531 3466 570 3513; x_wconf 89' lang='lat' dir='ltr'>se</span> <span class='ocrx_word' id='word_1_125' title='bbox 588 3442 716 3529; x_wconf 87' lang='lat' dir='ltr'>femnt,</span> <span class='ocrx_word' id='word_1_126' title='bbox 736 3441 867 3515; x_wconf 90' lang='lat' dir='ltr'>Lector</span> <span class='ocrx_word' id='word_1_127' title='bbox 884 3443 1001 3516; x_wconf 87' lang='lat' dir='ltr'>forsan</span> <span class='ocrx_word' id='word_1_128' title='bbox 1018 3442 1133 3541; x_wconf 92' lang='lat' dir='ltr'>primo</span> <span class='ocrx_word' id='word_1_129' title='bbox 1158 3441 1287 3514; x_wconf 90' lang='lat' dir='ltr'>intuitu</span> 
     </span>
     <span class='ocr_line' id='line_1_19' title="bbox 131 3564 1288 3665; baseline -0.001 -28"><span class='ocrx_word' id='word_1_130' title='bbox 131 3564 326 3651; x_wconf 89' lang='lat' dir='ltr'>mirabitur,</span> <span class='ocrx_word' id='word_1_131' title='bbox 345 3589 452 3662; x_wconf 92' lang='lat' dir='ltr'>quare</span> <span class='ocrx_word' id='word_1_132' title='bbox 478 3564 660 3665; x_wconf 86' lang='lat' dir='ltr'>Euripidis</span> <span class='ocrx_word' id='word_1_133' title='bbox 687 3566 867 3656; x_wconf 88' lang='lat' dir='ltr'>Medeam,</span> <span class='ocrx_word' id='word_1_134' title='bbox 887 3569 938 3641; x_wconf 93' lang='lat' dir='ltr'>uti</span> <span class='ocrx_word' id='word_1_135' title='bbox 963 3594 1074 3665; x_wconf 89' lang='lat' dir='ltr'>nuper</span> <span class='ocrx_word' id='word_1_136' title='bbox 1100 3566 1195 3638; x_wconf 91' lang='lat' dir='ltr'>edita</span> <span class='ocrx_word' id='word_1_137' title='bbox 1220 3564 1288 3637; x_wconf 86' lang='lat' dir='ltr'>fuit</span> 
     </span>
     <span class='ocr_line' id='line_1_20' title="bbox 133 3689 1285 3778; baseline 0.003 -17"><span class='ocrx_word' id='word_1_138' title='bbox 133 3690 245 3762; x_wconf 74' lang='lat' dir='ltr'>avito</span> <span class='ocrx_word' id='word_1_139' title='bbox 272 3689 511 3765; x_wconf 91' lang='lat' dir='ltr'>eruditissimo</span> <span class='ocrx_word' id='word_1_140' title='bbox 537 3690 774 3767; x_wconf 84' lang='lat' dir='ltr'><strong>RICARDO</strong></span> <span class='ocrx_word' id='word_1_141' title='bbox 801 3691 1022 3778; x_wconf 87' lang='lat' dir='ltr'>PORSON,</span> <span class='ocrx_word' id='word_1_142' title='bbox 1050 3690 1203 3765; x_wconf 88' lang='lat' dir='ltr'>hicnon</span> <span class='ocrx_word' id='word_1_143' title='bbox 1230 3716 1285 3764; x_wconf 84' lang='lat' dir='ltr'>se-</span> 
     </span>
     <span class='ocr_line' id='line_1_21' title="bbox 133 3815 1286 3919; baseline 0.003 -32"><span class='ocrx_word' id='word_1_144' title='bbox 133 3829 262 3912; x_wconf 85' lang='lat' dir='ltr'>quutus</span> <span class='ocrx_word' id='word_1_145' title='bbox 280 3816 358 3889; x_wconf 91' lang='lat' dir='ltr'>sim.</span> <span class='ocrx_word' id='word_1_146' title='bbox 413 3815 504 3915; x_wconf 88' lang='lat' dir='ltr'>Ejus</span> <span class='ocrx_word' id='word_1_147' title='bbox 522 3820 572 3891; x_wconf 91' lang='lat' dir='ltr'>rei</span> <span class='ocrx_word' id='word_1_148' title='bbox 589 3821 679 3894; x_wconf 89' lang='lat' dir='ltr'>ratio</span> <span class='ocrx_word' id='word_1_149' title='bbox 696 3844 919 3919; x_wconf 90' lang='lat' dir='ltr'>nequaquam</span> <span class='ocrx_word' id='word_1_150' title='bbox 936 3820 1031 3891; x_wconf 76' lang='lat' dir='ltr'>certe</span> <span class='ocrx_word' id='word_1_151' title='bbox 1049 3833 1114 3905; x_wconf 91' lang='lat' dir='ltr'>est,</span> <span class='ocrx_word' id='word_1_152' title='bbox 1134 3818 1226 3915; x_wconf 79' lang='lat' dir='ltr'>quod</span> <span class='ocrx_word' id='word_1_153' title='bbox 1243 3844 1286 3891; x_wconf 91' lang='lat' dir='ltr'>ea</span> 
     </span>
     <span class='ocr_line' id='line_1_22' title="bbox 131 3940 1285 4044; baseline 0.002 -32"><span class='ocrx_word' id='word_1_154' title='bbox 131 3940 241 4013; x_wconf 88' lang='lat' dir='ltr'>editio</span> <span class='ocrx_word' id='word_1_155' title='bbox 278 3946 299 4014; x_wconf 73' lang='lat' dir='ltr'>a</span> <span class='ocrx_word' id='word_1_156' title='bbox 335 3968 392 4017; x_wconf 91' lang='lat' dir='ltr'>me</span> <span class='ocrx_word' id='word_1_157' title='bbox 427 3946 527 4044; x_wconf 85' lang='lat' dir='ltr'>parvi</span> <span class='ocrx_word' id='word_1_158' title='bbox 561 3946 760 4035; x_wconf 87' lang='lat' dir='ltr'>habeatnr;</span> <span class='ocrx_word' id='word_1_159' title='bbox 798 3946 895 4018; x_wconf 87' lang='lat' dir='ltr'>illam</span> <span class='ocrx_word' id='word_1_160' title='bbox 922 3948 941 4017; x_wconf 77' lang='grc' dir='ltr'>ὁ</span> <span class='ocrx_word' id='word_1_161' title='bbox 968 3944 1142 4017; x_wconf 90' lang='lat' dir='ltr'>contrario</span> <span class='ocrx_word' id='word_1_162' title='bbox 1179 3943 1285 4041; x_wconf 76' lang='lat' dir='ltr'>longe</span> 
     </span>
     <span class='ocr_line' id='line_1_23' title="bbox 131 4066 1286 4170; baseline 0.001 -32"><span class='ocrx_word' id='word_1_163' title='bbox 131 4066 292 4139; x_wconf 89' lang='lat' dir='ltr'>omnium</span> <span class='ocrx_word' id='word_1_164' title='bbox 309 4071 646 4166; x_wconf 85' lang='lat' dir='ltr'>praestantissimam</span> <span class='ocrx_word' id='word_1_165' title='bbox 665 4097 742 4146; x_wconf 88' lang='lat' dir='ltr'>esse</span> <span class='ocrx_word' id='word_1_166' title='bbox 761 4097 867 4146; x_wconf 92' lang='lat' dir='ltr'>nemo</span> <span class='ocrx_word' id='word_1_167' title='bbox 884 4086 937 4145; x_wconf 89' lang='lat' dir='ltr'>est</span> <span class='ocrx_word' id='word_1_168' title='bbox 954 4070 1015 4170; x_wconf 90' lang='lat' dir='ltr'>qui</span> <span class='ocrx_word' id='word_1_169' title='bbox 1032 4067 1195 4167; x_wconf 84' lang='lat' dir='ltr'>negabit:</span> <span class='ocrx_word' id='word_1_170' title='bbox 1223 4067 1286 4140; x_wconf 88' lang='lat' dir='ltr'>sed</span> 
     </span>
     <span class='ocr_line' id='line_1_24' title="bbox 131 4188 1285 4295; baseline 0.001 -32"><span class='ocrx_word' id='word_1_171' title='bbox 131 4188 284 4265; x_wconf 87' lang='lat' dir='ltr'>deficere</span> <span class='ocrx_word' id='word_1_172' title='bbox 294 4194 373 4290; x_wconf 89' lang='lat' dir='ltr'>jam</span> <span class='ocrx_word' id='word_1_173' title='bbox 389 4212 579 4293; x_wconf 90' lang='lat' dir='ltr'>coeperant</span> <span class='ocrx_word' id='word_1_174' title='bbox 595 4197 720 4295; x_wconf 93' lang='lat' dir='ltr'>prioris</span> <span class='ocrx_word' id='word_1_175' title='bbox 733 4197 899 4270; x_wconf 86' lang='lat' dir='ltr'>editionis</span> <span class='ocrx_word' id='word_1_176' title='bbox 916 4195 1144 4295; x_wconf 83' lang='lat' dir='ltr'>exemplaria,</span> <span class='ocrx_word' id='word_1_177' title='bbox 1156 4207 1285 4266; x_wconf 88' lang='lat' dir='ltr'>etcon-</span> 
     </span>
     <span class='ocr_line' id='line_1_25' title="bbox 132 4318 1285 4422; baseline 0.003 -33"><span class='ocrx_word' id='word_1_178' title='bbox 132 4326 251 4391; x_wconf 78' lang='lat' dir='ltr'>textm</span> <span class='ocrx_word' id='word_1_179' title='bbox 277 4318 382 4417; x_wconf 87' lang='lat' dir='ltr'>hujus</span> <span class='ocrx_word' id='word_1_180' title='bbox 411 4346 523 4395; x_wconf 88' lang='lat' dir='ltr'>novae</span> <span class='ocrx_word' id='word_1_181' title='bbox 549 4336 645 4395; x_wconf 89' lang='lat' dir='ltr'>totus</span> <span class='ocrx_word' id='word_1_182' title='bbox 670 4323 766 4422; x_wconf 87' lang='lat' dir='ltr'>typis</span> <span class='ocrx_word' id='word_1_183' title='bbox 792 4348 979 4421; x_wconf 83' lang='lat' dir='ltr'>expressus</span> <span class='ocrx_word' id='word_1_184' title='bbox 1005 4336 1071 4410; x_wconf 89' lang='lat' dir='ltr'>est,</span> <span class='ocrx_word' id='word_1_185' title='bbox 1098 4336 1285 4417; x_wconf 88' lang='lat' dir='ltr'>antequam</span> 
     </span>
    </p>
   </div>
   <div class='ocr_carea' id='block_1_8' title="bbox 428 4494 943 4551">
    <p class='ocr_par' dir='ltr' id='par_1_8' title="bbox 428 4494 943 4551">
     <span class='ocr_line' id='line_1_26' title="bbox 428 4494 943 4551; baseline -0.006 -2"><span class='ocrx_word' id='word_1_186' title='bbox 428 4496 444 4525; x_wconf 79' lang='grc'><em>·</em></span> <span class='ocrx_word' id='word_1_187' title='bbox 455 4494 573 4551; x_wconf 69' lang='lat' dir='ltr'>Tamtu</span> <span class='ocrx_word' id='word_1_188' title='bbox 584 4496 679 4551; x_wconf 80' lang='lat' dir='ltr'>Yousc</span> <span class='ocrx_word' id='word_1_189' title='bbox 691 4506 717 4548; x_wconf 80' lang='lat' dir='ltr'>et</span> <span class='ocrx_word' id='word_1_190' title='bbox 729 4498 846 4551; x_wconf 66' lang='lat' dir='ltr'>lacoras</span> <span class='ocrx_word' id='word_1_191' title='bbox 858 4497 943 4550; x_wconf 66' lang='lat' dir='ltr'>Tira.</span> 
     </span>
    </p>
   </div>
   <div class='ocr_carea' id='block_1_9' title="bbox 0 0 1522 5217">
    <p class='ocr_par' dir='ltr' id='par_1_9' title="bbox 0 0 1522 5217">
     <span class='ocr_line' id='line_1_27' title="bbox 0 0 1522 5217; baseline 0 0"><span class='ocrx_word' id='word_1_192' title='bbox 0 0 1522 5217; x_wconf 95' lang='lat' dir='ltr'> </span> 
     </span>
    </p>
   </div>
  </div>
 </body>
</html>
