3034 5217
357 321 501 382 norro
521 321 567 382 uu
596 301 923 384 aurcaaouurca.
1058 327 1060 332 ’
1143 333 1200 387 zu

71 440 191 519 penult
206 457 295 499 versu
309 445 355 498 est
368 430 584 514 inoculatione,
599 438 676 517 quod
690 446 832 499 mutatum
857 440 912 500 fuit
938 439 1022 514 sorte,
1037 459 1074 498 ne
1100 459 1201 501 sensus

72 517 271 597 imperfectus
286 519 446 577 videretur.
488 520 519 576 Si
533 537 652 577 carmen
668 523 815 596 integrum
829 526 958 592 extaret,
970 519 1124 597 dijudicari
1137 540 1201 597 pos·

70 607 132 672 set,
149 607 245 657 utrum
251 597 404 676 fortitudo,
419 617 455 655 ao
470 599 539 656 urbs
562 597 653 656 Rauen
675 599 822 672 laudetur,
847 599 990 674 adquam
1016 603 1112 657 omnia
1132 605 1202 659 satis

70 678 154 736 bend
178 675 285 735 referri
307 684 435 753 possunt.
457 676 584 734 Bauucu.
625 677 739 735 Earum
764 678 879 752 Lesbia,
903 679 1043 754 aequalia,
1058 684 1090 736 ut
1112 681 1202 754 aiunt,

71 756 223 833 Sapphus,
238 760 360 832 innupta
373 756 500 814 decessit
513 755 668 814 admodum
678 753 808 832 juvenis,
823 761 874 815 vix
888 763 957 816 nata
972 775 1060 814 annos
1081 759 1204 816 undevi-

69 839 162 912 ginti.
201 835 224 892 F
225 836 288 893 abr.
302 835 379 892 Bibl
394 835 446 893 Gr.
462 836 526 894 Lib.
540 837 571 891 ii.
586 852 612 892 c.
631 841 676 894 15.
690 853 713 892 s.
729 839 776 894 28.
792 835 840 894 ubi
856 836 923 894 vide
939 835 1032 911 plura.

120 991 184 1050 Ver.
200 998 227 1052 2.
247 990 422 1069 -du'ippow
443 989 582 1068 ἅνασσα,]
604 992 703 1072 regina
718 991 783 1050 beili
799 993 905 1071 perito,
936 991 961 1050 οἳ
983 993 1074 1056 ναίεις
1104 986 1201 1067 Ολνμ-Ι
1256 988 1262 1003 “

71 1090 135 1130 πον
149 1072 257 1146 σεμνόν
272 1069 323 1129 ἐπὶ
337 1076 394 1148 yria
408 1068 474 1149 αἰὲν
494 1073 674 1149 ἄθραυστον,
687 1092 755 1150 quoe
779 1072 879 1130 ineolis
897 1071 1050 1150 ‚innrpum
1071 1073 1202 1152 rnagniji7

72 1170 140 1208 τααι
153 1150 184 1209 e'u
198 1152 274 1209 terrd
287 1171 392 1229 semper
405 1148 539 1208 stabilem.
1191 1193 1196 1212 ,,

116 1234 145 1287 6.
164 1231 266 1292 Kotor
282 1229 424 1301 βασιλῆαν
436 1229 536 1306 ἀρχαῖς
550 1227 706 1306 α’ρῤήκτω]
722 1235 768 1286 est
781 1229 930 1308 imperium
948 1250 1081 1286 maumam
1096 1239 1120 1287 et
1137 1251 1202 1308 per*-
1267 1223 1297 1298 ,⁸

67 1318 194 1386 petuam
216 1309 310 1373 Burin,
339 1309 494 1382 βασιλῆον,
508 1309 591 1366 Aeol¹
607 1325 662 1384 pro
677 1307 834 1380 βασίλειον.
855 1316 886 1366 et
907 1306 1051 1385 α’ῤῥήκτω
1074 1327 1128 1384 pro
1151 1311 1201 1386 old·

116 1406 198 1445 xeov.
1198 1405 1201 1412 ’

70 1389 146 1524 oni.
169 1465 309 1544 Oppa-]
324 1466 403 1524 Ordo
418 1473 481 1523 est:
497 1466 572 1543 lippa
588 1467 692 1540 tyana
708 1465 872 1546 παρόντων
887 1464 997 1544 κράτος
1013 1459 1200 1546 ἡγεμονεύῃς.

72 1557 106 1603 ut
121 1546 262 1603 excellenti
275 1547 371 1603 robore
380 1545 513 1624 praedito
525 1545 667 1622 ganemu.
1153 1583 1155 1588 ·

100 1628 145 1682 ’9.
165 1623 348 1700 -odedyqu
369 1626 453 1682 Aeol.
469 1633 501 1682 et
515 1625 588 1681 Dor.
604 1643 659 1700 pro
675 1623 789 1699 ζεύγλη.
811 1623 946 1682 λέπαδνα
961 1630 1027 1681 sunt
1051 1623 1110 1681 toro
1132 1622 1200 1698 luto,

75 1705 182 1778 quibus
196 1707 266 1779 equi
281 1705 391 1762 collum
401 1705 545 1780 religatur
556 1704 592 1760 ad
603 1705 718 1779 jugum.
756 1685 811 1776 Σᾳῒ
821 1706 848 1761 d'
862 1705 932 1776 daed,
947 1706 1000 1762 dio.
1022 1703 1129 1760 Sensus
1140 1709 1199 1760 est:

72 1784 178 1842 virtute
191 1782 287 1840 oniaco
324 1803 338 1839 e
353 1783 447 1839 omnio
461 1785 537 1841 terrd
546 1781 672 1859 eurique
685 1782 865 1842 minantur
879 1789 1075 1840 etenireeutur.
1092 1781 1183 1840 Boau.

120 1866 165 1919 15.
185 1861 240 1918 Σοι
254 1803 323 1934 ped:
333 1861 388 1938 —]
412 1859 479 1919 Tibi
501 1861 555 1920 eole'
577 1871 687 1918 uentum
707 1881 871 1945 prosperum
895 1861 1008 1941 imperii
1028 1882 1083 1918 uon
1102 1869 1198 1938 mutat.
1210 1865 1279 1923 ἰθὺ.

75 1938 194 1998 Πάντα
217 1939 329 2014 dd,&c.
369 1939 590 1999 Celeberrimos
612 1939 705 1997 Heur.
740 1940 915 2017 Stephanus,
939 1943 987 2016 qui
1012 1947 1100 1998 totam
1123 1939 1199 1998 hanc

74 2017 162 2076 Odeo
175 2024 304 2077 numeria
329 2019 484 2096 Sapphicis
507 2019 608 2078 Latine
633 2019 828 2094 adumbravit,
852 2024 895 2078 sic
918 2019 1026 2095 optime
1050 2020 1201 2078 deditae·

75 2101 213 2173 quentia:

272 2259 356 2337 Ipsa,
369 2279 443 2338 quoe
454 2258 564 2337 gaudet
577 2257 633 2316 dor
661 2266 765 2318 cuneta
772 2260 896 2338 possim,

272 2339 389 2417 Resque
402 2339 611 2418 traaasformuns
693 2341 765 2398 'num
785 2339 929 2408 Vetusius,

271 2419 374 2498 Implet
388 2422 528 2479 aeternna
542 2428 594 2478 tuo
606 2420 669 2478 solo
680 2422 772 2480 uentis

430 2501 539 2576 Regna
551 2499 690 2559 secundis.

272 2579 404 2656 Namque
412 2600 486 2657 pree
501 2581 610 2638 cunctis
624 2579 740 2638 sobolem
753 2579 889 2639 uohntem

272 2659 429 2729 Proereus,
443 2659 521 2718 hellis
535 2658 655 2718 habilem
666 2679 677 2716 .·
689 2658 834 2736 feraeque

112 2736 119 2744 “
200 2763 216 2794 0
273 2737 340 2798 Non
356 2737 441 2800 Ceres
455 2739 542 2816 spicis
556 2741 660 2814 magis,
675 2740 839 2818 ipsoquum
852 2739 892 2796 sis

431 2817 522 2878 Prole
535 2820 673 2877 uirorum.

1012 3009 1194 3024 m

117 3121 223 3181 *ΕΙΣ
255 3123 459 3182 NEKPON
475 3117 682 3201 'AAeNlMJ
712 3124 746 3181 ln
770 3135 907 3182 mortuina
929 3119 1090 3180 didonidem.
1132 3121 1198 3180 Hoc

75 3206 262 3279 grammatici
277 3203 471 3263 Theocriteis
496 3204 607 3281 ldylliis
628 3205 846 3279 adscripserunt
861 3205 888 3262 iu
904 3203 960 3260 ido
975 3201 1038 3259 cod.
1054 3199 1119 3258 Vat
1142 3201 1200 3258 Sed

76 3301 134 3339 uon
148 3283 213 3339 esse
229 3281 397 3355 Theocriti,
412 3302 478 3341 cum
494 3287 582 3343 metri
597 3286 682 3357 ratio,
698 3289 760 3342 turn
775 3287 867 3359 magis
887 3286 950 3357 ipsa
965 3283 1101 3340 carminis
1120 3280 1200 3337 iudo-

77 3361 132 3431 les,
146 3359 224 3420 haud
239 3361 361 3419 obscure*¹
376 3361 582 3421 demonstrant.
605 3363 745 3420 Wiarou.
787 3361 835 3422 De
851 3362 977 3419 Veneris
991 3363 1099 3418 amasio
1123 3357 1200 3416 Ado-

76 3440 157 3513 uide,
171 3440 265 3516 deque
281 3459 362 3498 more
378 3459 435 3516 quo
450 3446 550 3516 periit,
565 3442 698 3500 dentibus
713 3445 852 3517 aprugnia
866 3458 977 3498 morsus
998 3439 1059 3496 scil
1075 3438 1199 3513 juniori·

76 3519 235 3576 busetiam
250 3520 398 3594 discipulis
413 3525 482 3578 satis
499 3529 608 3578 uotum.
650 3521 760 3595 Neque
785 3525 830 3576 est
858 3518 933 3595 quod
959 3517 1027 3576 huic
1052 3520 1198 3593 poemaiio

77 3599 275 3656 immoremur.
317 3598 369 3665 Est
383 3618 491 3674 merus,
506 3607 539 3658 ut
552 3601 630 3657 Galli
647 3605 762 3672 vocant,
770 3601 822 3676 jeu
836 3595 960 3677 d‘eeprr't.

121 3749 183 3813 Ver.
199 3761 226 3812 7.
246 3753 427 3832 -reocuvol]
449 3756 522 3813 Dor.
538 3775 592 3832 pro
607 3753 743 3828 ποτηνοί,
758 3761 791 3812 ut
804 3755 934 3812 volume.

117 3839 164 3891 32.
185 3834 253 3893 Koe'
271 3854 328 3909 μιν
348 3833 544 3910 acommoda]
567 3834 607 3893 Et
631 3834 702 3891 milii
725 3833 873 3892 adeundum
901 3831 1021 3900 nocebat.
1043 3831 1146 3890 Valck.
1168 3835 1275 3892 ineos.

76 3916 177 3989 priore
202 3917 254 3973 sud
273 3915 344 3973 edit.
365 3914 623 3987 dedit-peteme,
646 3913 715 3972 Καί
734 3933 790 3986 μευ
818 3914 894 3973 iocor
916 3910 1060 3990 κραντήρ·
1081 3919 1106 3968 et
1125 3931 1199 3970 meua

75 3993 143 4050 ἀναν
157 4011 225 4050 eum
240 3993 333 4051 laedit.
375 3994 434 4050 Sed
447 3993 523 4050 hauc
537 3993 687 4068 vulgatam
701 3993 769 4048 lect.
786 3998 889 4068 postea
903 3991 1050 4068 praetulit.

117 4075 164 4129 46.
186 4071 280 4131 Beate
295 4072 353 4134 esdr
369 4072 524 4149 ἐρῶντας]
545 4071 711 4147 Stephanus
727 4072 864 4128 observat
877 4068 1013 4147 primdm,
1036 4070 1052 4127 d
1075 4067 1199 4145 quodam

73 4149 135 4208 duo
150 4159 313 4226 postremos
327 4169 440 4224 versus,
455 4154 484 4208 in
499 4151 625 4227 quodam
649 4158 755 4210 vetere
780 4151 844 4208 cod.
860 4169 916 4208 non
931 4156 1066 4224 repertos
1089 4149 1198 4206 luisse:

72 4229 180 4286 deiude
196 4231 298 4307 legere
313 4231 426 4287 mavult
439 4231 548 4290 ἔκλαιε·
584 4232 699 4288 Suorrou
724 4249 849 4288 umorum
870 4229 996 4286 miseriae
1020 4225 1198 4306 deplorabat:

73 4314 127 4364 aut
141 4311 166 4365 si
181 4309 261 4368 ἔκαιε
276 4327 350 4368 vera
363 4316 441 4366 esset
455 4309 555 4383 lectio,
575 4311 687 4387 ἔρωτας
714 4312 925 4384 interpretatur
949 4306 1015 4372 code
1040 4303 1198 4386 ἐρωτικούς

73 4385 215 4451 ὀδόντας.
256 4388 393 4446 Dorville
409 4366 587 4467 [ad⁸Charlt.
603 4406 631 4461 p.
647 4389 728 4464 431]
750 4387 891 4484 ἐρῶντας,
917 4387 1080 4466 [amatorios
1093 4385 1198 4462 ἅντινα]
1261 4404 1263 4410 ’

74 4466 191 4541 probat.
220 4467 318 4532 ‚Haec
342 4467 432 4526 lectio
453 4467 526 4525 mihi
551 4467 667 4543 quidem
693 4471 776 4524 unice
802 4466 918 4542 placet;
951 4473 981 4523 at
1002 4472 1070 4523 tunc
1084 4464 1199 4540 aeripde

75 4547 128 4605 ari
142 4544 255 4605 Veneri
272 4545 301 4600 iu
312 4540 380 4607 luco
394 4545 468 4606 forte
483 4547 608 4623 quodam
622 4553 674 4606 aut
686 4547 755 4605 alibi
779 4545 883 4622 dicati,
898 4543 947 4603 ubi
971 4547 1045 4622 iguis
1069 4543 1199 4620 lucebat,
