3034 5217
417 327 561 386 NOTAE
586 327 631 387 ΙΝ
652 327 877 388 EURlPlDEM.
1153 327 1208 384 143

82 447 244 519 Cicerone,
260 443 314 520 Ep.
329 445 366 503 ad
380 444 535 520 Diversae,
550 449 602 504 vii.
627 451 655 504 6.
678 445 865 522 adjunxitque
882 447 1155 520 interpretationem
1169 447 1207 504 H.
1222 449 1285 505 172

82 525 209 600 Gratii]
244 522 369 604 (Neque
385 533 514 583 mentem
530 524 638 583 Poetae
653 544 749 600 neque
766 525 925 582 verborum
949 527 1206 598 constructionem,

84 612 118 661 nt
132 604 206 661 mihi
220 605 325 661 saltem
339 604 468 678 videtur,
483 608 566 680 cepit
579 604 642 662 Jnc.
658 603 751 662 Turn.
775 604 846 665 rode
860 599 916 674 μὲν
940 603 991 659 αἰί
1009 601 1154 674 σμμοίτων
1177 613 1209 662 et

84 683 156 745 code
172 685 199 740 δ’
212 683 244 739 ἐν
258 680 392 759 deposita
407 701 501 759 aeque
517 682 553 740 ad
572 683 699 746 ιιολλοιλς
725 683 838 760 βροτῶν
860 680 981 753 σεμνούς
1004 682 1135 754 γεγῶτας
1161 701 1208 741 re·

85 760 160 820 ferri
176 762 294 834 debent,
309 767 341 818 et
354 762 407 818 sub
422 762 521 819 verbis
537 763 733 837 quoqueoirl'
755 763 807 832 σφ’
826 759 936 834 ἡσύχου
959 760 1048 822 noodr
1074 777 1208 836 compre·

85 841 262 898 benduntnr.
304 841 372 898 Duo
387 858 500 916 genera
514 842 665 898 hominum
681 840 729 899 hic
744 846 855 898 tantum
881 839 1055 911 indicantur,
1081 838 1207 898 diversio

85 921 206 995 quidem
221 919 453 989 conditionibns;
475 938 563 977 unum
578 938 595 977 e
611 927 772 995 conspectu
794 919 915 994 degenn,
932 915 1050 996 (eornm
1072 917 1134 974 scil.
1159 921 1208 993 qui

85 1016 155 1056 raro
170 1001 200 1055 in
215 999 364 1072 publicum
379 997 547 1078 prodeunb)
563 999 689 1056 alterum
708 999 786 1056 domi
811 1015 931 1056 versans
947 995 980 1076 (i.
997 1014 1023 1053 e.
1039 997 1208 1054 muneribus

86 1085 119 1134 et
134 1075 236 1135 officiis
250 1080 373 1152 privatis
388 1076 537 1157 sungem,)
553 1082 707 1153 utrumque
725 1084 823 1134 antem
840 1075 983 1151 placidam
999 1082 1029 1131 et
1041 1079 1134 1132 minus
1149 1093 1208 1132 am·

84 1157 221 1214 bitiosam
236 1160 326 1214 vitam
336 1174 491 1230 exercens,
506 1174 601 1231 eoque
616 1155 778 1214 δύσκλειαν
793 1153 965 1226 ἐκτήσαντο
980 1151 1031 1210 καί
1045 1151 1204 1229 ῥαθυμίαν,

85 1233 1207 1384 111111111101111101014101.314111

86 1393 186 1466 prodit
200 1399 231 1450 et
245 1411 360 1452 causam
376 1393 485 1451 diserte
511 1394 588 1468 apud
617 1393 785 1450 Corinthiae
814 1333 954 1449 baliares
983 1390 1061 1448 dicit.
1094 1390 1128 1446 (t.
1150 1390 1205 1470 D.)

86 1469 247 1530 Caetenim
261 1473 355 1532 Chori
370 1471 498 1531 officium
513 1471 622 1551 optime
637 1473 772 1548 depingit
788 1471 939 1540 Horatius,
954 1471 1015 1526 Art.
1042 1469 1121 1526 Po'e't.
1141 1475 1206 1528 193.

87 1551 125 1606 nd
150 1570 237 1625 quem
261 1550 357 1608 locum
380 1552 448 1610 vide
474 1555 570 1610 virum
593 1550 745 1608 admoddm
775 1549 982 1608 Reverendum
1006 1547 1087 1606 Rich.
1109 1547 1206 1622 Hurd,

87 1647 163 1686 nunc
179 1632 350 1704 episcopum
364 1630 389 1684 V
393 1634 608 1706 igorniensem3
631 1633 702 1687 item
718 1629 754 1686 ad
769 1649 796 1686 v.
813 1635 879 1686 900.
896 1629 944 1685 ubi
967 1629 1014 1683 vir
1038 1626 1140 1683 doctus
1166 1629 1207 1685 in·

86 1708 208 1783 genios&
223 1709 378 1766 admodum
392 1710 508 1767 disserit
529 1710 565 1766 de
590 1712 653 1784 ipso
676 1709 763 1784 hujus
788 1707 977 1783 Tragoediae
1002 1703 1111 1762 Choro.
1132 1703 1206 1765 ”Sic

87 1787 259 1844 redderem:
275 1786 378 1844 Multos
387 1788 463 1860 aovi,
472 1789 518 1865 qai
528 1785 633 1845 bonesti
641 1799 730 1859 erant,
742 1783 969 1867 (respectable,)
978 1784 1048 1842 aiios
1059 1803 1072 1840 e
1083 1805 1207 1864 conopeo·

86 1877 129 1942 tu,
139 1865 208 1922 aiios
218 1866 249 1922 εἰν
260 1867 372 1944 publico
383 1889 394 1936 ;
415 1866 499 1945 quieti
509 1877 599 1925 autern
610 1880 634 1925 et
645 1881 746 1925 secreto
758 1867 892 1944 degentes,
905 1865 971 1945 (but
982 1863 1065 1920 those
1078 1861 1207 1923 olsllent

87 1944 144 2002 and
169 1946 279 2003 retired
302 1944 404 2025 01111.)
424 1947 566 2004 einirtrom
581 1946 696 2025 somam
714 1948 867 2004 anatinam
882 1942 1022 2022 ignauiae.
1044 1940 1205 2002 dilanietur

87 2022 141 2080 καί
154 2023 308 2099 ῥαθυμίαν,
322 2042 377 2098 pro
391 2023 551 2084 dionisiae
565 2024 716 2103 ῥαθυμίας.
742 2023 779 2082 ἓν
799 2025 851 2082 dani
869 2025 960 2081 ὁινίν.
1003 2021 1075 2079 Vide
1101 2021 1166 2079 Vol.
1182 2023 1204 2078 l.

86 2119 115 2176 p.
138 2099 279 2161 15.n.7.’
303 2107 478 2163 ,601111
503 2104 533 2161 P.

127 2185 194 2238 991.
215 2123 366 2260 Διἀνλγοίρ
377 2184 484 2260 οσκ-]
507 2185 593 2254 Quae
608 2187 651 2242 sic
666 2190 821 2242 construe:
843 2181 901 2257 peip
918 2177 990 2250 δίκη
1012 2181 1063 2237 οὐκ
1088 2179 1204 2238 ἔνεστιν

85 2262 250 2332 ὀφθαλμοῖς
267 2261 357 2339 [τινι]
380 2264 503 2343 βροτῶν,
525 2256 621 2336 ὅστις,
645 2285 672 2320 κ.
698 2283 728 2321 τ.
751 2266 778 2322 λ.
819 2261 937 2319 Jostitr'a
962 2257 1034 2315 enim
1056 2279 1111 2315 non
1134 2260 1204 2318 ineat

85 2340 172 2398 ocoiir
185 2341 271 2398 alicui
286 2341 456 2416 mortalium,
470 2345 628 2421 quicunqne,
644 2347 696 2400 irc.

126 2424 191 2476 999.
211 2420 444 2496 -ἐιιμαθεῐν-]
470 2423 596 2496 ἐκμαθη,
618 2421 749 2479 Eustath.
772 2421 807 2478 ad
829 2419 894 2493 ΙΙ.γ
919 2422 985 2475 979.
1009 2434 1037 2491 p.
1061 2419 1119 2473 415
1156 2419 1201 2472 19.

85 2491 203 2555 ”Βονι.”
218 2503 287 2571 314,
303 2504 348 2557 48.
368 2497 483 2558 ’Ἔοεὶλ
505 2482 577 2576 titio,l
586 2508 613 2560 5.
629 2499 719 2560 Frorl'
740 2501 871 2576 Utraque
885 2460 972 2554 ldctio
984 2495 1084 2571 proba.
1108 2457 1202 2570 ἔνερθ’

83 2580 164 2634 enim
177 2595 201 2636 ιι
223 2575 250 2632 ’ν
264 2595 330 2635 cum
345 2578 526 2655 subjunctivo
538 2582 665 2658 jungunt
679 2581 814 2657 Tragici,
830 2575 999 2648 amissario,
1015 2575 1090 2652 quod
1103 2577 1132 2632 in
1142 2591 1204 2632 ser·

84 2673 172 2714 mone
210 2657 336 2715 amiliari
356 2676 475 2734 semper
497 2664 664 2738 requiritur.
706 2659 830 2717 Poason.
865 2649 983 2727 ”ὅστις,
1008 2653 1204 2711 Transitioa

85 2736 163 2810 plur.
179 2733 217 2792 ad
230 2739 303 2810 sing.
318 2744 349 2793 et
363 2742 430 2794 vice
446 2757 542 2813 versa,
558 2737 696 2815 frequens
711 2745 766 2810 est,
782 2737 857 2812 quod
873 2733 1004 2792 Eustnth.
1020 2737 1108 2790 notat.
1131 2732 1160 2788 Ρ.

124 2818 191 2872 998.
211 2819 370 2889 -σίγομαι
383 2814 441 2892 δὲ,]
463 2820 546 2896 Angl.
562 2820 618 2875 ond
633 2817 650 2874 I
661 2817 778 2894 amsaat
789 2815 886 2894 going.

123 2897 192 2950 930.
210 2893 421 2968 -γιγνώσκεις
454 2897 577 2973 minin]
608 2914 663 2972 pro
688 2893 861 2970 γιγνώσκειν
891 2891 997 2952 καλῶς.
1039 2887 1097 2944 Res
1123 2890 1203 2945 enirn

82 2971 229 3048 ejusmodi
245 2979 299 3044 est,
313 2974 350 3030 de
366 2977 421 3050 qni
436 2977 472 3034 ad
487 2979 684 3034 testimonium
699 2975 790 3030 Chori
814 2970 893 3029 recti
916 2970 1072 3044 provocari
1097 2970 1201 3040 potuit.

82 3051 213 3108 Cantero
239 3053 338 3128 placet
360 3054 511 3128 γιγνώσκω
543 3055 649 3124 καλῶς,
673 3053 796 3110 Reiskio
819 3045 968 3126 γίγνεσθαι
999 3048 1104 3108 καλῶς.
1125 3044 1203 3101 Mus-

80 3149 229 3188 oanvr.-
247 3131 419 3205 γιγνώσκειν
441 3136 520 3191 naid
536 3134 627 3192 edidit
642 3131 815 3190 Brunclrius.
857 3129 1106 3204 Simplicissimam
1126 3123 1203 3182 Mus·

80 3211 179 3286 gravii
195 3211 427 3270 emendationem
442 3217 557 3288 recepit
573 3213 727 3270 Porsonus.

123 3293 189 3346 934.
209 3287 415 3367 -γρημοίτων
444 3291 647 3372 duspolim—l
683 3288 848 3367 χρημάτων
878 3285 954 3361 λέγει
984 3285 1044 3341 τῶν
1072 3284 1113 3346 είς
1140 3281 1202 3355 τήν

80 3366 205 3444 φερνήν.
226 3368 360 3426 τοῦτοδὲ
375 3371 390 3426 d
406 3370 573 3450 Εὐριπιὶλης
587 3372 649 3430 aino*
663 3374 722 3441 τῆς
740 3371 807 3426 κατ’
824 3367 923 3426 αὐτὸν
938 3361 1091 3436 συνηθείας
1115 3361 1202 3436 λέγει.

79 3451 108 3505 oi
122 3445 156 3504 δὲ
172 3445 264 3524 ἥρωες
279 3450 332 3522 οὐχ
347 3446 442 3514 οὕτως
458 3449 572 3508 ἐποίουν
588 3452 656 3513 τούς
679 3449 803 3525 γοίμονς,
816 3449 886 3505 αλλ’
911 3447 943 3501 ἐκ
970 3445 1032 3500 τῶν
1054 3441 1202 3498 ἐναντίων

78 3525 170 3584 uorat
184 3524 328 3584 ἐδίδοσαν·
346 3527 479 3606 καθάπερ
494 3527 545 3587 καί
559 3530 654 3592 αὐτός
671 3533 702 3586 ἐν
715 3529 818 3590 ἄλλοις
842 3523 1010 3601 παρίστησι·
1038 3517 1089 3576 καί
1108 3521 1203 3592 Ὁμη-

78 3625 137 3682 ρος·
170 3605 264 3684 [iliad.
280 3608 308 3678 i,
323 3606 403 3682 944]
446 3610 548 3685 Πρῶ9
562 3611 673 3667 ἑκατὸν
689 3609 756 3678 ῥοῦς
771 3607 877 3674 δῶκεν,
892 3605 996 3658 ἔπειτα
1011 3597 1044 3656 σε’
1067 3596 1202 3671 γίλια--.

78 3687 145 3741 ε’στι
161 3683 194 3742 dd
206 3683 427 3760 οἱναγρονισμός·
448 3687 473 3744 ol
488 3688 543 3762 ydp
559 3687 652 3762 ἥρωες
668 3686 704 3743 τὸ
720 3681 856 3743 ἐναντίον
872 3683 1022 3756 παρεῖχον.
1045 3675 1133 3732 Scbol.

121 3768 189 3821 936.
211 3767 305 3822 κακοῦ
319 3766 377 3840 γάρ
392 3767 473 3822 τοῦτ’
488 3768 530 3820 ἔτ’
543 3767 649 3840 ἄλγιον
667 3760 769 3820 κακόν·
798 3761 869 3819 Κιίν
886 3779 912 3814 ιι.
929 3777 957 3813 τ.
974 3755 1015 3830 λ.]
1038 3771 1112 3829 quae
1137 3753 1202 3812 rul-

76 3851 151 3917 gntn
178 3843 269 3900 lectio
290 3851 334 3900 est
359 3863 376 3901 a
398 3844 525 3901 Porsono
553 3845 725 3919 approbata.
767 3839 842 3916 Pap
870 3835 999 3894 refertur
1027 3835 1062 3890 ad
1091 3833 1202 3908 aliquid

76 3921 285 3978 subauditum:
306 3923 408 3992 Quare
424 3929 523 3979 autem
537 3923 594 3980 boc
609 3923 693 3980 dico:
715 3920 786 3978 Nan
801 3919 889 3976 adbuc
908 3913 1024 3994 granius
1038 3911 1142 3969 ariolum
1157 3917 1202 3969 est

76 4003 130 4056 ίιοο
144 4001 228 4070 ιιιαίο,
243 4001 294 4057 dre.
336 4001 411 4059 Vide
425 3999 501 4058 insrd
515 4002 550 4059 nd
566 4021 593 4058 v.
609 4006 676 4059 954.

119 4083 188 4136 939.
207 4079 267 4136 aot·
281 4073 344 4137 οἶόν
359 4080 440 4157 τ’·-]
462 4081 536 4138 Vide
552 4081 616 4137 Vol.
634 4082 654 4137 l.
676 4079 754 4152 adp.
771 4081 797 4134 5.
813 4095 840 4133 n.
855 4079 883 4133 6.
1213 4073 1274 4129 173.

118 4162 187 4215 948.
210 4156 249 4215 H
259 4159 333 4234 apic
348 4159 435 4229 φίλον
450 4158 561 4235 τιν’-]
591 4157 709 4231 “Una'’
734 4159 826 4232 inquit
852 4155 1005 4225 Porsonus,
1029 4149 1078 4229 [ad
1104 4149 1201 4208 Orest.

74 4237 142 4313 64]
165 4242 185 4273 “
195 4238 320 4294 verbum
335 4242 364 4296 in
379 4239 502 4296 brevem
517 4239 651 4296 vocalem
667 4239 784 4309 desinit,
800 4251 923 4311 eamque
947 4233 1021 4288 dune
1045 4247 1203 4286 consonan-

73 4321 96 4353 “
109 4325 155 4374 tes
170 4319 332 4391 excipiunt,
348 4335 422 4393 quae
438 4319 561 4376 brevem
576 4335 697 4374 manere
712 4318 871 4391 patiantur,
887 4316 939 4370 vix
954 4311 1045 4368 credo
1060 4309 1202 4384 exempla

72 4401 94 4432 ‘⁴
109 4395 247 4452 indubiae
261 4391 330 4450 fidei
349 4399 474 4455 inveniri
490 4401 631 4471 possein
646 4397 751 4471 quibus
776 4394 888 4470 syllaba
914 4395 966 4448 ista
990 4386 1200 4464 producatur.”

73 4475 138 4544 Qui
154 4473 257 4530 Canon
272 4492 309 4530 ne
325 4476 372 4532 hic
387 4477 444 4534 loci
460 4477 600 4549 violetur,
615 4481 704 4532 cavet
719 4474 873 4545 Porsonns,
889 4489 943 4547 pro
960 4468 1065 4540 ἥλικα,
1090 4465 1201 4537 ἥλικας

72 4553 230 4624 scribem;
244 4559 274 4611 et
284 4557 474 4630 scriptionem
484 4574 564 4615 stram
576 4559 616 4613 ita
629 4553 776 4630 ingeniosi
785 4557 884 4610 tuetur
896 4557 963 4606 :-'··
973 4547 1201 4622 Euripideo,quo
