3034 5217
303 329 321 380 4
637 323 779 382 NOTAE
802 325 847 383 IN
875 324 1085 384 HOMERUM.

263 449 290 501 3.
301 447 368 502 simi
388 443 474 518 hujus
492 449 605 517 poetae.
654 445 827 519 Quanquam
848 449 938 519 enim,
958 463 1025 503 cum
1045 445 1215 521 quibasdam
1238 461 1280 505 ex
1302 450 1405 505 summis

301 521 366 598 ejus
380 523 584 595 laudatoribus,
599 521 699 580 dicere
723 523 855 580 nolumus
876 541 960 582 omne
975 541 1069 599 genus
1088 528 1231 583 scientiae
1245 530 1277 582 in
1297 526 1405 585 Homeri

301 602 477 660 carminibus
492 619 575 675 posse
597 604 733 672 inveniri,
749 601 806 658 boc
826 607 923 661 temen
941 603 1115 662 confirmare
1135 603 1286 677 sudemus,
1300 605 1405 663 iliadem

301 687 332 738 et
346 679 505 755 Odysseam
521 679 667 736 abtmdure
682 679 755 756 adeo
770 683 909 738 immensi
930 683 1075 740 varietate
1095 685 1253 758 imaginum
1271 689 1304 740 et
1320 685 1406 740 simili·

301 760 441 830 tudinum,
456 765 542 834 atque
559 757 724 816 incredibili
739 777 862 818 numero
877 778 976 817 rerum
989 767 1149 836 gestarum,
1159 762 1264 836 quibus
1271 762 1405 819 hominum

299 855 406 910 mores,
417 837 511 894 studia
525 842 556 894 et
570 835 690 894 affectus
701 838 741 894 ad
755 841 867 911 vivum,
878 846 911 896 ut
919 840 1025 912 dicam,
1034 846 1302 914 repraesentantur,
1314 840 1406 897 utheri

300 935 357 974 uon
370 919 461 991 possit
475 919 544 992 quin
559 916 679 974 lectoris
693 920 814 989 animus,
824 921 873 975 cui
882 922 962 976 acies
971 936 1029 975 non
1039 936 1158 992 prorsus
1168 924 1215 976 est
1224 920 1335 991 obtusa,
1345 937 1407 975 sum·

298 1013 377 1052 mum
391 991 517 1052 fructum
531 1000 562 1052 at
577 995 757 1069 voluptatem
771 994 828 1052 uns
841 1000 949 1070 capiat,
963 1014 1031 1054 cum
1046 1001 1157 1073 ingenti
1166 997 1289 1072 quadam
1299 997 1406 1054 admirs

299 1077 379 1130 tione
402 1073 593 1148 conjunctam.
635 1073 744 1144 “Quid
768 1073 880 1143 enim,”
903 1082 935 1132 ut
955 1073 1057 1134 verbis
1079 1081 1146 1132 utar
1166 1078 1224 1134 uiri
1245 1079 1405 1134 ornatissimi

298 1151 420 1210 liuberti
429 1153 543 1225 Lowth,
553 1157 572 1190 “
584 1153 666 1210 nobis
677 1171 729 1210 usu
739 1156 823 1210 venit
831 1153 994 1212 Homerum
1005 1154 1170 1231 legentibus
1180 1153 1194 1210 i
1216 1156 1293 1227 Quis
1307 1160 1351 1211 est
1359 1164 1405 1210 mm

297 1233 415 1306 ttinere,
438 1236 496 1289 tam
518 1231 700 1305 inhumanus,
715 1250 802 1308 quem
815 1249 874 1291 non
890 1234 1059 1293 incredibili
1081 1234 1232 1309 voluptate
1254 1231 1404 1308 perfundat,

297 1315 417 1386 “quem
432 1328 487 1368 non
503 1315 660 1370 moveatet
671 1311 825 1386 percellat,
843 1330 953 1387 suoque
971 1313 1065 1371 veluti
1079 1311 1204 1370 efflatum
1224 1316 1357 1371 instinctu
1370 1331 1406 1369 se

298 1395 318 1428 “
326 1409 393 1449 cum
402 1391 528 1466 abripiat
536 1389 666 1448 divinum
681 1391 752 1448 illud
767 1394 917 1465 ingenium
925 1390 958 1447 P’
967 1391 1031 1470 [De
1040 1394 1119 1449 Sacr.
1129 1391 1211 1449 roes,
1221 1391 1314 1450 Hebr.
1323 1390 1405 1447 Praei

299 1471 332 1547 i.]
355 1470 450 1528 Etiam
462 1473 646 1542 interpositio
657 1470 708 1527 illa
719 1487 753 1527 ac
762 1473 955 1528 ministerium
966 1471 1098 1544 deorum,
1108 1488 1183 1546 quae
1197 1476 1289 1527 totam
1299 1471 1405 1529 iliadem

297 1556 330 1608 et
338 1549 497 1624 Odysseem
504 1549 677 1622 pervadunt,
686 1549 847 1606 doctrinam
855 1567 1037 1625 nequaquam
1046 1552 1253 1609 inutilemcum
1260 1549 1405 1607 lectoribus

297 1631 519 1686 communicant.
560 1627 697 1703 Namque
714 1629 753 1686 ibi
766 1628 838 1686 disci
848 1634 947 1701 potest
956 1630 1025 1704 quid
1035 1629 1217 1687 Graecorum
1227 1632 1405 1705 antiquissimi

296 1713 453 1765 censerent
468 1712 499 1764 et
513 1707 656 1782 quomodo
670 1712 795 1783 agerent
808 1707 846 1763 de
861 1708 949 1765 rebus
962 1709 1088 1766 divinis:
1112 1707 1150 1764 Et
1164 1724 1328 1783 quanquam
1344 1708 1406 1763 hm

295 1791 381 1864 gisus
396 1787 503 1861 aliique
519 1788 616 1842 critici
633 1785 797 1842 Homerum
812 1788 841 1843 in
856 1804 893 1842 eo
908 1787 1174 1862 reprehenderunt,
1187 1787 1265 1862 quod
1279 1803 1405 1860 personas

295 1883 362 1924 suas
376 1866 488 1924 divinas
503 1863 539 1922 ad
553 1871 673 1922 naturae
689 1863 832 1922 humanae
855 1865 1088 1924 imbecillitatem
1101 1865 1271 1940 saepissime
1290 1865 1406 1922 dedusc-

296 1949 351 2014 rit;
373 1945 429 2002 hoc
444 1951 551 2017 tamen,
566 1951 710 2018 utcunque
726 1961 830 2002 rerum
844 1947 892 2016 sit,
905 1962 1018 2002 summo
1031 1949 1136 2019 poetae
1150 1956 1333 2020 nequaquam
1342 1949 1405 2002 sitio

193 2037 199 2046 ’
296 2028 374 2084 verti
390 2025 545 2082 debuisset.
587 2023 1041 2099 Numsideosaliterquampro
1051 2024 1405 2099 captueulgirepmesen

295 2111 359 2161 tare
374 2109 494 2160 conatus
508 2108 595 2176 esset,
608 2103 882 2178 hocphilosophum
889 2119 945 2159 non
956 2108 1073 2177 poetam
1088 2099 1189 2160 fuisset
1203 2118 1314 2178 ngere3
1328 2113 1404 2177 atque

295 2186 325 2243 in
340 2184 395 2240 uni
416 2187 499 2256 parte
515 2185 586 2240 artis
607 2199 677 2238 suae
699 2199 731 2238 se
756 2182 841 2256 plane
861 2182 1007 2258 hospitem
1023 2181 1196 2239 ostendere:
1214 2181 1336 2256 Quippe
1355 2181 1405 2237 llo

295 2266 370 2320 meri
386 2260 441 2320 fuit
453 2261 523 2318 deos
537 2280 614 2334 suos,
625 2261 710 2336 juxta
724 2267 811 2337 atque
826 2262 933 2319 heroas
947 2262 1103 2334 exhibere,
1114 2278 1171 2318 non
1181 2261 1284 2336 quales
1292 2262 1404 2318 essede

295 2343 422 2414 buerint,
437 2341 488 2396 sed
503 2342 603 2414 quales
621 2339 697 2398 iamt
719 2341 911 2414 accepisset*
951 2341 984 2398 ln
1006 2341 1063 2397 hoc
1086 2343 1186 2416 igitur,
1209 2346 1242 2396 ut
1265 2343 1295 2397 in
1316 2341 1403 2398 multis

294 2421 370 2491 aliis,
386 2438 453 2476 eum
470 2422 573 2476 imitati
588 2425 653 2476 sunt
670 2425 827 2494 sequentes
844 2425 968 2493 poetae3
989 2425 1021 2476 et
1033 2423 1210 2494 praesertim
1232 2420 1402 2495 elegantissi

294 2517 358 2556 mus
378 2499 530 2573 Virgilius,
546 2501 606 2572 qui,
621 2501 676 2555 etsi
693 2502 857 2557 ministerio
875 2499 997 2557 deorum
1016 2502 1045 2555 in
1065 2499 1196 2556 Aeneide
1208 2503 1317 2571 utatur,
1327 2498 1402 2554 modo

293 2575 489 2650 multomagis
504 2575 671 2649 artificioso,
687 2579 763 2652 quod
774 2578 809 2633 ad
819 2584 993 2635 structuram
1003 2575 1119 2634 fabulae
1127 2595 1209 2652 suae,
1218 2574 1306 2656 quim
1314 2585 1402 2634 noster

294 2656 451 2729 Homerus,
467 2653 524 2734 (uti
539 2657 692 2730 praeclare
712 2656 837 2714 ostendit
855 2661 904 2714 vir
922 2657 1133 2714 eruditisslmus
1155 2655 1227 2715 Chr.
1241 2656 1278 2712 G.
1295 2657 1400 2730 Heyne,

294 2737 324 2793 in
343 2735 475 2792 Excursu
488 2751 541 2791 suo
553 2738 651 2809 primo
666 2736 703 2793 ad
718 2735 780 2793 Lib.
796 2739 815 2792 i.
830 2735 1015 2815 Aeneidos,l)
1031 2742 1127 2794 tamen
1141 2741 1254 2795 notioni
1275 2735 1399 2793 Homeri-

293 2832 347 2872 cae
362 2815 399 2870 de
417 2815 542 2872 essentis
558 2821 589 2870 et
602 2817 704 2870 nature
722 2815 844 2872 deorum
859 2817 967 2891 ubique
982 2816 1141 2872 adhaeret.
1164 2813 1201 2872 Et
1215 2819 1265 2892 qul
1280 2819 1399 2871 naturam

293 2899 325 2950 et
339 2895 476 2952 attributa
491 2894 612 2950 deorum
628 2893 854 2950 Homericomm
870 2898 994 2970 ignorat,
1005 2911 1059 2951 nae
1071 2897 1096 2951 ts
1106 2899 1272 2968 poetasnec
1281 2894 1399 2952 Graecos

293 2989 348 3030 nec
364 2974 480 3031 Latinus
494 2972 574 3029 recte
589 2972 757 3046 intelligere
774 2979 879 3047 potest.
901 2991 908 3006 ·

333 3049 440 3122 Porr63
463 3051 587 3108 Homeri
616 3057 751 3125 poemate
779 3055 918 3125 optimam
940 3051 1170 3124 descriptionem
1196 3053 1286 3109 status
1313 3050 1400 3109 civilis

292 3129 439 3186 Graeciae
454 3130 620 3204 aliquandiu
635 3134 666 3185 et
690 3137 756 3188 ante
779 3137 897 3205 etpost
920 3129 1030 3186 bellum
1055 3128 1217 3203 Trojanum
1240 3134 1399 3191 contineam

292 3209 368 3266 unde
384 3208 516 3266 historici
532 3227 645 3284 quoque
657 3227 764 3266 nomen
774 3208 913 3266 mererisi
927 3208 1096 3283 quibusdam
1111 3208 1226 3266 habitus
1240 3213 1287 3267 sit
1307 3208 1398 3287 iGeo

291 3288 471 3363 graphorum
496 3292 540 3345 sui
561 3288 672 3344 saeculi
697 3305 765 3345 eum
793 3284 882 3344 fuisse
907 3286 993 3344 facile
1016 3289 1183 3362 principem
1207 3291 1288 3345 inter
1310 3303 1400 3345 omnes

291 3371 410 3424 constat.
451 3365 542 3442 Cujus
558 3371 602 3424 rei
617 3371 740 3442 egregia
755 3366 862 3424 iudicia
877 3370 905 3424 in
919 3365 1096 3423 carminibus
1109 3364 1174 3440 ejus
1187 3366 1308 3425 subinde
1321 3383 1402 3442 appa-

291 3451 368 3520 rent,
378 3449 554 3520 pruesertim
566 3449 595 3504 in
605 3449 770 3522 posteriore
780 3453 864 3519 parte
876 3445 943 3502 libri
954 3444 1074 3501 secundi
1084 3443 1191 3519 iliadis,
1200 3463 1276 3520 quae
1288 3451 1398 3502 vocatur

293 3523 450 3602 Cotologns.
492 3523 602 3583 Differt
616 3525 733 3601 quidem
747 3529 876 3582 narratio
897 3525 1021 3582 Homeri
1043 3527 1072 3582 iu
1093 3520 1185 3580 forma
1205 3521 1400 3580 instintione

289 3603 441 3675 historici;
463 3621 518 3661 uec
532 3622 584 3662 sua
599 3608 753 3680 regionum
766 3607 878 3661 mentio
891 3603 996 3660 eadem
1011 3609 1057 3659 est
1070 3619 1104 3659 ac
1115 3601 1276 3676 descriptio
1284 3617 1401 3677 geogra-

288 3683 359 3818 phi:
381 3688 490 3759 quippe
506 3683 591 3760 longe
606 3684 663 3740 aliu
675 3689 719 3740 est
729 3687 805 3740 ratio
815 3686 931 3756 poetica
941 3699 976 3737 ac
987 3681 1127 3738 historica
1137 3681 1187 3739 vet
1197 3681 1399 3756 geographica

292 3781 293 3786 ¹
317 3762 454 3820 eculiaris
468 3768 567 3820 autem
581 3763 643 3818 laus
658 3769 702 3820 est
723 3762 858 3833 Homeri,
873 3766 905 3817 ut
925 3759 1013 3816 finem
1033 3759 1166 3817 historici
1191 3765 1225 3816 et
1243 3756 1400 3834 geographi

291 3841 502 3916 quodammodo
517 3845 649 3916 attingat,
664 3858 721 3914 per
738 3844 816 3898 viam
831 3840 949 3914 quidem
971 3836 1064 3895 mimis
1085 3837 1238 3910 directam,
1252 3838 1305 3894 sed
1318 3830 1400 3892 multi

287 3917 493 3994 jucundiorem
508 3926 539 3976 et
553 3923 762 3976 amoeniorem.
803 3917 903 3992 lmmb,
915 3917 1038 3975 Horatio
1049 3916 1163 3992 judice,
1176 3920 1268 3974 etiam
1281 3915 1400 3992 philoso-

289 3997 358 4073 phis
373 3998 520 4058 Homerus
534 3999 751 4072 anteponendus
766 4005 819 4054 est.

332 4141 391 4215 Qui
404 4140 471 4232 qnid
484 4144 519 4198 sn
531 4141 685 4231 pulchrum,
701 4141 768 4232 qnid
781 4151 869 4220 torpe,
884 4139 951 4218 qnid
962 4139 1040 4231 utile,
1056 4137 1123 4218 quid
1135 4157 1201 4214 non,

331 4217 447 4280 Picenis
460 4241 493 4278 nc
507 4221 604 4278 motoris
620 4219 774 4299 Cirpmppo
789 4231 813 4278 et
830 4220 965 4278 Crantore
978 4219 1070 4276 dnn:

318 4361 400 4414 *viu
419 4361 487 4411 Sam.
500 4361 593 4414 Clarlre
606 4363 640 4412 ad
656 4361 727 4412 lliad.
736 4367 795 4424 m.

323 4451 609 4504 *indicaremus

321 4543 411 4608 tilido
428 4542 526 4594 Woad'r
536 4544 619 4608 Esruy
630 4560 662 4595 on
672 4547 714 4596 the
728 4544 847 4609 0νὶμυί
858 4545 1019 4596 Hminem
1039 4539 1164 4607 ΗΜ
1174 4543 1206 4610 ‘ff
1216 4539 1319 4598 HM·
