3034 5217
443 329 584 388 uorsa
612 329 656 387 nu
678 328 886 389 aouaauu
966 401 972 413 .
1183 331 1220 388 u

109 457 265 527 postquam
280 452 362 524 proci
376 448 506 506 cubitum
521 452 649 524 ivissent,
663 451 750 506 armis
766 449 903 523 omnihus,
918 449 1024 507 auxilio
1035 446 1222 521 Telemachi,
1232 452 1261 507 8.
1373 497 1376 506 .

108 532 241 601 remotis,
257 547 307 585 eos
322 528 443 603 aggredi
458 531 559 602 parat;
581 535 612 584 et
630 535 758 601 cunctos,
779 534 896 586 serrato
918 527 1039 585 Phemio
1053 531 1173 584 cantore
1189 530 1221 583 et

107 609 251 666 Medonte
269 624 427 681 praecone,
446 607 598 676 interficit3
621 607 687 663 dum
702 607 859 684 Euryclea,
869 622 942 682 quae
952 624 1020 663 eum
1034 608 1110 662 inter
1123 605 1223 662 lavan-

108 687 181 743 dum
202 686 218 741 ὲ
239 688 374 742 cicatrice
391 693 562 760 agnoverat,
575 688 710 760 servique
737 685 848 757 tideles,
873 685 974 760 quibus
997 701 1029 740 se
1053 687 1223 758 aperuerat,

110 765 192 822 sores
207 763 406 822 custodiendas
421 765 567 820 curabant.
610 763 709 820 Procis
731 762 902 835 intersectis,
917 762 1027 819 ancillis
1041 761 1192 836 impudicis
1206 759 1225 817 ἰ

111 843 300 902 Telemacho
313 845 468 916 suspensis,
479 849 509 898 et
524 843 668 899 scelerato
687 845 822 918 caprario
846 841 1007 899 Melanthio
1030 839 1141 896 crudeli
1158 855 1224 914 sup-

111 923 206 998 plicio
235 920 350 994 affecto,
379 921 495 977 tandem
520 920 536 976 a
564 921 714 996 Penelope
741 924 923 996 agnoscitur3
945 919 1049 976 deinde
1072 920 1149 992 patri
1172 933 1226 973 sno

111 1003 214 1058 laierti
235 1019 267 1057 se
289 1007 389 1056 notum
413 999 516 1056 reddit.
557 998 723 1056 lthacenses
746 1004 854 1072 autem,
879 999 952 1055 duce
975 996 1116 1073 Eupithe,
1140 1001 1226 1071 patre

112 1081 244 1151 Antinoi,
260 1095 382 1135 accenso
397 1083 521 1153 propter
536 1077 722 1135 intersectum
743 1082 823 1135 inter
842 1095 947 1154 procos
971 1075 1073 1148 filium,
1088 1074 1124 1131 ad
1146 1089 1227 1130 arma

111 1163 301 1229 concurrunt,
327 1162 357 1213 et
380 1175 445 1213 cum
469 1157 571 1233 Ulysse
595 1174 629 1213 ac
651 1157 836 1212 Telemacho
859 1155 1004 1231 praelium
1024 1156 1227 1211 committunt:

111 1235 168 1293 sed
182 1233 240 1296 cito
255 1236 406 1310 placantur
421 1235 437 1291 a
451 1236 594 1308 Minerva,
609 1253 682 1310 quae
699 1234 820 1292 foedera
837 1239 914 1291 inter
926 1241 1064 1309 utrosque
1079 1230 1201 1304 lacit,—

235 1351 368 1430 Mdraope
382 1351 526 1425 εἰδομένη,
541 1351 618 1425 ἠμὲν
632 1350 802 1436 dipacati&
817 1351 868 1410 καί
881 1349 991 1424 αὐδήν.

191 1461 195 1473 ·
235 1429 359 1488 Mentori
371 1432 535 1504 oeeitnitoto,
550 1443 605 1489 torn
619 1451 739 1510 corpore,
755 1441 811 1488 tum
825 1431 907 1489 etiem
919 1449 993 1488 uoce.

157 1547 219 1605 Ρη
232 1551 324 1606 totum
339 1549 480 1625 hocopus
496 1549 755 1624 egregium-hoc
767 1550 891 1606 alterum
906 1548 1059 1605 Homerici
1069 1549 1179 1622 ingenii
1194 1564 1231 1604 ac

117 1630 225 1684 mentis
233 1627 387 1686 divinioris
398 1633 628 1700 monumentum,
636 1631 710 1704 mira
721 1635 807 1702 atque
819 1631 989 1685 suavissima
1003 1632 1109 1701 regnat
1118 1625 1230 1700 simpli·

119 1711 201 1764 citas.
224 1705 256 1760 ln
264 1705 519 1781 Odysseiquidem
528 1713 747 1780 summuspoeta
757 1704 849 1763 minda
857 1707 988 1763 sublimis
997 1711 1051 1777 est,
1059 1702 1151 1762 minds
1162 1701 1231 1761 “at‘-

119 1789 137 1821 “
150 1782 234 1842 flatus
244 1787 361 1841 numine
374 1784 435 1859 jam
445 1789 585 1860 propiore
597 1784 677 1856 dei,’'
688 1803 774 1860 qnam
786 1788 814 1841 in
826 1783 916 1842 iliade
954 1783 1040 1854 Quod
1050 1787 1074 1840 si
1085 1784 1135 1840 illa
1144 1775 1230 1857 hujus

119 1861 302 1936 majestatem
316 1881 372 1920 non
387 1869 504 1940 aequet,
519 1865 663 1940 exemplis
678 1869 776 1920 tamen
791 1863 907 1935 ethicis,
923 1862 1059 1919 advitam
1073 1861 1231 1919 humanam

120 1941 302 2016 dirigendam
317 1943 486 2014 utilissimis,
503 1943 593 1998 multo
608 1945 700 2017 magis
715 1942 847 1998 abundat.
888 1941 956 1997 llias
974 1939 1092 2016 quidem
1107 1939 1231 1998 exhibet

120 2019 244 2078 heroum
261 2037 380 2095 pugnas,
396 2021 516 2078 deorum
532 2023 620 2092 rixas,
635 2020 819 2091 discordiam,
840 2019 1018 2094 caedemque
1040 2016 1102 2075 sere
1123 2035 1231 2093 perpe·

121 2105 219 2166 tuam;
241 2097 371 2174 Odyssea
387 2097 458 2156 vero
473 2115 572 2155 rerum
590 2101 698 2156 seriem
721 2101 931 2169 amoeniorem,
954 2103 1039 2155 vetus
1061 2097 1231 2175 hospitium,

121 2183 242 2232 naturae
257 2178 397 2252 simplicis
413 2180 563 2252 imagines,
586 2181 664 2234 vitae
684 2180 818 2251 privatae
842 2177 1051 2234 sollicitudines
1063 2181 1093 2232 et
1104 2175 1232 2232 oblecta-

121 2259 229 2326 menta,
245 2261 331 2330 atque
346 2256 437 2313 multa
452 2256 480 2312 id
494 2271 586 2331 genus
601 2256 669 2329 alia,
685 2255 721 2311 ob
737 2256 837 2312 oculos
861 2259 951 2332 ponit.
992 2254 1056 2329 llla,
1078 2259 1111 2312 ut
1132 2252 1232 2313 verbis

120 2339 188 2390 utar
202 2332 317 2391 Horatii
332 2333 368 2391 ad
382 2333 517 2408 Lollium,

241 2489 389 2548 Stultorum
402 2510 496 2570 regom
509 2511 543 2550 ee
553 2491 717 2570 populorum
732 2490 850 2549 continet
865 2501 965 2549 cotue:

122 2607 208 2666 Haec
223 2615 360 2667 autem-

241 2725 425 2806 -qoid
438 2727 526 2786 uirtus
539 2738 563 2785 et
578 2727 643 2805 quid
656 2722 794 2806 sapiente}
805 2728 902 2805 possit,

246 2804 319 2863 Utile
328 2806 471 2885 proposuit
486 2806 563 2864 nobie
578 2808 715 2885 exemplar
733 2805 861 2884 Ulyseern.

165 2959 311 3038 Longinus
326 2961 453 3040 quidem,
468 2967 565 3038 magni
580 2966 703 3022 nominis
718 2965 848 3037 criticus,
863 2965 1009 3020 censuisse
1019 2960 1137 3019 videtur
1146 2957 1237 3017 lliada

124 3043 238 3115 ingenii
253 3042 378 3116 palmam
393 3041 541 3118 Odysseae
565 3041 649 3099 facile
671 3045 865 3118 praeripere;
888 3045 955 3118 quia
976 3043 1179 3117 argumentum
1201 3055 1236 3095 ac

123 3119 218 3195 stylus
232 3122 261 3176 in
278 3121 327 3177 ills
342 3121 426 3195 quim
442 3124 470 3178 in
486 3119 541 3176 hac
552 3119 642 3179 multo
656 3122 829 3196 plerumque
844 3121 1005 3178 sublimior.
1044 3117 1127 3177 Unde
1146 3121 1237 3175 etiam

123 3197 242 3272 colligit
257 3197 374 3256 Poe'tam
389 3201 584 3274 composuisse
609 3200 769 3275 Odysseam
784 3203 812 3257 in
827 3206 989 3273 senectute,
1014 3198 1127 3274 quando
1149 3201 1236 3272 vigor

127 3279 239 3351 ingenii
250 3275 310 3352 jam
326 3277 497 3335 declinaret.
517 3279 579 3356 [De
596 3278 673 3336 Subl.
689 3276 705 3357 d
721 3278 775 3356 ia]
816 3279 872 3336 “E
893 3277 1061 3336 contrario”
1077 3274 1124 3411 ppt
1138 3275 1237 3333 obser·

126 3357 211 3411 ravit
235 3359 281 3412 vir
294 3355 475 3416 doctissimus
500 3357 576 3414 Sam.
595 3357 705 3415 Olarke
723 3355 770 3436 F.)
796 3358 972 3415 “contendit
986 3357 1062 3414 Dua.
1106 3354 1192 3428 ocior,
1207 3357 1237 3412 iu

124 3437 146 3469 ‘t
156 3429 339 3507 praefatione
356 3435 391 3492 ad
406 3435 574 3510 Odysseam,
590 3437 646 3494 hoc
662 3455 717 3493 non
732 3436 839 3494 Poetae
860 3439 978 3512 ingenio
1002 3434 1162 3508 deficienti,
1186 3432 1239 3490 sed

125 3515 146 3548 ‘t
157 3515 203 3568 rei
223 3515 321 3588 ntique
346 3517 435 3589 ipsius
451 3515 614 3572 diversitati
629 3515 831 3585 tribuendum,
857 3515 1088 3587 Homerumque,
1105 3516 1194 3568 etiam
1212 3515 1239 3570 si

126 3589 320 3667 “Odysseam
347 3596 488 3668 priorem,
517 3593 639 3650 lliadem
661 3596 855 3667 posteriorem
883 3595 1109 3666 composuissem
1131 3596 1238 3646 utram·

126 3673 147 3706 “
160 3687 217 3743 que
233 3675 329 3728 tamen
344 3672 476 3744 eandem,
492 3689 526 3727 ac
540 3688 615 3728 nuuc
630 3671 780 3744 habemus,
791 3673 1018 3745 compositurum
1033 3667 1130 3724 luisse.
1153 3669 1237 3725 Simi-

127 3751 147 3784 “
160 3749 231 3806 liter
244 3756 276 3806 et
288 3749 450 3824 Duportus,
472 3747 542 3822 Por,
553 3752 654 3824 inquit,
665 3749 813 3824 inutraque
830 3748 917 3826 Opere
930 3747 974 3803 oie
988 3757 1012 3804 et
1026 3745 1109 3822 vigor
1119 3746 1239 3823 staplen-

127 3825 210 3883 “der
223 3827 338 3905 ingenii..
395 3826 489 3886 Praef.
503 3833 531 3886 in
552 3827 773 3902 Gnomologinm
797 3824 1009 3901 Homericam]
1049 3829 1092 3881 Ac
1107 3828 1239 3899 quamvis

128 3911 147 3942 “
160 3903 307 3963 latendum
322 3831 439 3981 quilem
455 3910 483 3963 iu
499 3906 600 3980 iliade,
615 3905 695 3981 cujus
710 3909 834 3962 materia
852 3904 1000 3979 grandior,
1021 3903 1239 3979 stylum'multo

129 3988 252 4060 “magis
277 3985 429 4043 sublimem
452 4003 516 4042 esse
540 3985 624 4059 quim
647 3988 675 4040 in
693 3983 832 4059 Odyssea,
855 3983 904 4040 ubi
922 3987 1046 4040 materia
1063 3983 1239 4057 plerumque

128 4067 148 4100 “
161 4065 296 4135 tenuior;
318 4064 474 4122 notandum
486 4071 582 4121 tamen
597 4068 627 4120 et
642 4065 671 4120 in
687 4059 816 4138 Odyssea
831 4064 927 4119 omnia
941 4061 1049 4137 ubique
1059 4069 1117 4117 tam
1128 4059 1195 4137 apte
1207 4067 1239 4118 et

128 4145 148 4178 ‘⁶
160 4141 260 4200 viride
269 4141 385 4218 depicta
395 4150 509 4214 esse,ut
517 4141 642 4198 dubitari
651 4145 751 4216 possit,
762 4159 854 4198 annon
864 4144 919 4198 arti
928 4140 1024 4215 potitis
1033 4139 1118 4215 quam
1127 4141 1241 4216 ingenii

128 4223 149 4258 “
158 4218 288 4278 defectui
303 4222 492 4279 adscribenda
505 4225 543 4277 sit
557 4224 611 4276 ista
625 4219 787 4278 diversitas.
828 4219 990 4276 Homerum
1005 4223 1083 4276 enim
1096 4235 1174 4275 oeno
1193 4216 1241 4298 (ut

129 4303 148 4336 “
159 4298 240 4356 recte
256 4300 425 4358 observarit
446 4299 672 4372 Quinctilianus,
687 4298 735 4356 lib.
751 4318 779 4356 x.
791 4315 855 4374 cap.
870 4295 905 4378 ι.)
925 4299 958 4355 io
978 4296 1095 4374 Magnis
1117 4296 1229 4354 sublimi

129 4382 148 4415 ‘⁴
159 4387 225 4452 tote,
238 4377 270 4434 in
285 4376 388 4436 Parcis
398 4379 568 4458 proprietate
575 4375 774 4455 superauerit.''
804 4378 861 4456 [Ad
875 4394 938 4434 ver.
949 4395 968 4432 1.
983 4374 1099 4452 odyss]
1120 4375 1239 4450 Operae

129 4461 259 4531 pretium
274 4461 333 4516 erit
348 4462 436 4515 ctiam
452 4461 598 4534 inspicere
621 4473 695 4531 quae
718 4456 754 4514 de
777 4455 832 4514 hac
855 4474 888 4514 re
914 4454 1050 4513 disseruit
1070 4454 1188 4530 Pupius,
1210 4457 1241 4513 iu

132 4535 310 4610 Postscripto
323 4555 376 4596 suo
390 4537 614 4598 adversionem
628 4535 780 4612 anglicam
794 4535 952 4613 Odysseae.
