3034 5217
427 327 571 389 NOTAE
590 329 635 389 ΙΝ
656 329 878 392 PlNDllRUM.
1154 345 1211 402 295

84 445 239 522 propriatim
255 447 317 504 τῶν
328 444 761 519 despoliare—sinodalium
776 448 924 524 μητίεσσι,
936 456 969 508 ut
980 448 1144 524 ruadmunt
1153 475 1212 530 μοι,

85 524 204 661 {aarum
228 536 265 582 ια
285 525 305 581 d
322 545 375 596 αα,
396 532 427 582 et
446 527 559 601 similia.
580 524 661 597 depol
681 534 747 585 sunt
776 527 823 585 bic
847 535 954 606 μοὲεαι,
983 537 1015 586 ut
1038 532 1109 588 alibi
1135 537 1212 609 apud

62 653 67 659 ,
112 603 269 680 ledarum]
289 614 320 660 ut
334 613 442 662 mutent
459 605 556 681 filium
576 605 701 677 Saturni,
716 605 870 664 αοαοσιολω
884 607 922 665 ad
934 608 1091 686 opulentum
1104 610 1213 672 beatam

84 682 200 740 dommo
213 682 354 740 Hieronis.
376 680 433 738 Pro
448 682 608 756 inopinum,
617 683 692 757 quod
706 685 863 743 concordat
878 703 944 744 cum
957 689 1063 752 αὐτούς
1078 691 1214 750 subaudi-

84 767 117 816 to
133 768 202 819 ante
218 764 366 833 κελαδεῖν,
381 760 498 836 quidam
513 762 614 837 legunt
627 760 768 836 λκόμενοι,
779 764 811 820 ut
823 763 969 823 reseratur
985 767 1021 824 ad
1031 765 1208 844 αδδοίσομεν·

84 846 119 896 et
133 841 248 916 reliqua
261 842 289 897 in
304 840 401 897 medlo
410 845 511 915 posita
524 844 597 898 sint:
618 842 670 897 sed
685 841 752 916 boc,
768 849 799 900 ut
813 844 884 900 mibi
900 845 1027 919 videtur,
1037 844 1130 904 minis
1143 867 1212 908 cou-

83 919 181 976 ciund.
202 917 370 992 ”ὶκόμενοι,
386 919 529 993 Heynius‚
545 919 680 989 Beckius,
696 919 856 992 ὶκομὲνουα
871 921 1048 981 Boeckhius.
1071 923 1102 985 P.

131 1003 253 1056 iti-st.
279 996 465 1072 Θεμιστεῖον]
488 999 525 1055 ad
539 995 665 1056 δίκαιον·
685 997 817 1071 οίμφέπει
832 998 875 1074 δὲ,
890 1002 927 1058 ad
953 1001 1094 1078 περιέπει,
1122 1003 1209 1076 οἱονεὶ
1221 1011 1289 1067 264.

82 1075 432 1152 θεραπεύει.-Δρέπων]
446 1076 676 1148 νῖπανθιζόμενος
687 1080 791 1136 πασῶν
800 1080 916 1156 δρετολν
928 1081 964 1138 ad
977 1079 1099 1140 τέλειον·
1114 1083 1210 1159 οἱονεὶ,
1284 1085 1291 1095 “

81 1159 136 1229 ἀφ’
151 1154 284 1228 εκοίστηε
299 1157 337 1212 ad
348 1154 494 1229 ὠφέλιμον
510 1154 719 1233 καρπούμενος.
741 1157 831 1215 Sciat

126 1241 174 1294 22.
192 1232 417 1308 -Αγλαΐζεται
430 1233 464 1292 δὲ
479 1233 530 1294 καὶ
544 1236 701 1298 Μουσικᾶς
716 1237 748 1293 ἐν
762 1235 876 1314 adro]
893 1236 1210 1317 intelliguntnonnulii,

85 1317 182 1390 ipsum
212 1315 374 1374 Hieronem
402 1313 530 1372 Musiees
554 1318 684 1389 peritum
706 1314 827 1374 laudari.
870 1313 988 1374 Reatinis
1012 1319 1073 1374 ita:
1096 1331 1211 1380 ονοαειιν

80 1393 290 1473 αιιαλοωμοεε,
305 1395 323 1449 i.
338 1411 366 1450 e.
382 1394 530 1453 celebrari
543 1381 619 1451 solet
633 1395 773 1451 cantibus.
794 1393 915 1452 Genaua.
952 1395 1000 1454 De
1020 1396 1118 1472 δωτῳ,
1139 1400 1209 1462 vide

80 1472 171 1549 suprri
183 1473 221 1530 ad
241 1472 373 1529 Theocr.
389 1470 470 1548 ldyll.
487 1476 517 1531 ii.
532 1477 559 1530 2.
574 1489 603 1546 p.
619 1476 685 1530 221.

124 1555 249 1610 24-96,
274 1545 331 1609 Οἷα
346 1549 542 1628 παι’ζομεν-]
565 1552 704 1610 Solebant
718 1554 747 1608 iu
758 1555 901 1611 conviviis
911 1553 1006 1630 lyram
1015 1553 1209 1615 circumferre

81 1638 113 1688 et
129 1631 291 1706 hospitibus
306 1628 424 1705 offerre,
439 1634 533 1706 etqui
549 1631 683 1689 ruditatis
703 1637 801 1688 nomm
824 1635 919 1690 vitare
940 1631 1069 1706 volebat,
1091 1636 1121 1691 ei
1146 1641 1209 1694 tum

80 1710 186 1768 fidibus
199 1710 363 1768 cauendum
378 1709 671 1786 erat-Cogitaudus
685 1709 714 1767 b.
730 1711 749 1766 l.
764 1716 811 1768 est
835 1717 987 1786 potiturum
1013 1715 1045 1770 in
1064 1717 1208 1772 conviviis

81 1807 242 1846 consessus.
276 1787 387 1846 Plures
401 1792 478 1847 euim
494 1796 614 1864 praeter
629 1789 785 1848 Pindarum
811 1792 840 1846 in
864 1791 930 1848 auli
955 1789 1066 1848 habere
1091 1791 1208 1852 solebat

81 1868 186 1941 Hiero,
211 1886 238 1925 e.
259 1885 288 1944 g.
317 1868 506 1946 Simonidem,
535 1867 754 1945 Bacchylidem,
779 1867 966 1944 Aeschylum.
988 1867 1109 1928 Gabina.
1130 1871 1207 1930 Vide

82 1964 115 2003 su
138 1948 171 2004 ri
184 1948 221 2005 ad
257 1951 347 2004 360.
1337 1971 1341 1980 ·

117 1966 256 2084 pss-fflp
268 2025 440 2104 -Δωρίαν]
462 2023 515 2085 ὅτι
530 2025 652 2107 Δωρικῇ
665 2025 793 2105 ἁρμονίᾳ
819 2026 966 2104 ἥρμοσται
990 2027 1036 2099 τῷ
1060 2025 1208 2107 Πινδάρῳ
1314 2065 1317 2072 ⁴

81 2107 103 2177 ἡ
118 2104 358 2183 λύραοὶρμονίαι
372 2104 405 2164 δὲ
415 2105 558 2170 πλείονες·
580 2105 697 2184 Δώριος,
714 2105 851 2203 Φρύγιος,
865 2104 989 2168 Λύδιος.
1020 2111 1040 2144 “
1050 2105 1159 2183 Δώριον
1172 2105 1206 2166 δὲ

77 2185 165 2257 μέλος
187 2181 373 2258 σεμνότατον
397 2184 492 2243 ἔστιδ’
523 2183 674 2244 πασσάλου
687 2184 730 2266 δὲ,
742 2185 760 2245 o'
763 2206 793 2244 τι
808 2182 860 2243 ἐπὶ
873 2182 1035 2242 πασσοίλων
1046 2185 1161 2244 ἔκειντο
1173 2187 1206 2244 αλ

81 2262 366 2341 κιθάρα-Πίσας]
388 2262 480 2328 τόπος
496 2266 528 2321 ἐν
543 2264 640 2321 Ηλιδι
656 2266 714 2323 διεδ
728 2267 852 2346 ὑψηλῶν
867 2264 966 2339 ὄχθων
986 2261 1203 2341 περιεχόμενος.

78 2344 149 2400 ἔνιοι
163 2342 197 2401 δὲ
211 2343 417 2417 ὑποσυμχέοοσι
432 2345 493 2417 τήν
517 2342 619 2402 Πίσαν
634 2342 686 2401 καὶ
701 2346 764 2417 τήν
790 2341 883 2400 Ηλιν·
910 2345 961 2400 uda
977 2343 1066 2418 ὀρθῶς
1080 2339 1123 2400 δέ·
1146 2341 1207 2402 διέ-

77 2431 173 2492 στηκε
186 2424 309 2499 γδρδπ
315 2421 461 2495 α’λλήλων
475 2423 516 2480 τοὶ
532 2421 625 2500 χωρία
634 2423 766 2487 σταδίοις
778 2418 1203 2499 πεντήκοντα-Φερενίκου]

79 2500 172 2572 ὄνομα
181 2505 236 2559 τοῦ
249 2499 431 2571 νικήσαντος
442 2501 796 2576 ἵππον-Αναλοῐμδανε,
814 2495 837 2560 ὦ
853 2499 1000 2578 Πίνδαρε,
1011 2501 1072 2572 τήν
1087 2496 1205 2578 Ampelio

78 2579 305 2719 italiis?
320 2574 799 2722 {tutibl‘d‘tlaliii
817 2575 1204 2735 'ti‘¹iti²'⁰a.at‘²..itt

79 2739 157 2812 apud
172 2681 484 2815 dostrulnasaeplssime
500 2679 666 2834 estlplllra'u.
709 2740 776 2797 Pisa
797 2681 841 2796 h.⁷²
841 2738 860 2795 l.
884 2677 939 2814 ppo
961 2735 1119 2811 Olympii:
1140 2737 1205 2793 Ste-

78 2815 192 2892 phanus
206 2817 277 2894 Byz.
323 2817 462 2890 Ολυμπία
479 2821 657 2894 ἡπροτερον
673 2817 757 2877 Πίσα
773 2819 923 2892 λεγομένη.
944 2814 1064 2872 Gabrae.

118 2901 244 2954 ἔσθ-34.
265 2901 372 2974 -παρ’
388 2897 512 2972 Αλιμεῷ]
534 2899 566 2954 ἐν
583 2895 688 2955 Ηλιδι·
709 2900 726 2957 d
739 2895 798 2973 χοῖρ
813 2896 930 2965 Aipeia
944 2895 976 2950 ἐν
991 2890 1129 2970 Αρκαδίᾳ
1145 2892 1200 2955 τοίς

78 2976 178 3050 πηγαῖς
199 2977 271 3051 ἔχει,
301 2976 352 3034 καί
371 2978 425 3035 ἄπ’
444 2978 547 3034 aaron
566 2973 728 3052 οἱρχόμενος
749 2976 882 3052 περιρρεῖ
903 2969 954 3030 καὶ
983 2973 1045 3044 τήν
1068 2969 1204 3027 Hirr.—

76 3054 163 3131 σύτο]
184 3051 266 3132 ὥρμα
279 3059 350 3134 πρδς
365 3058 422 3114 τδν
435 3054 552 3132 δρόμον.
572 3054 807 3130 -Ακὲντητον]
824 3053 862 3110 νδ
874 3051 956 3126 ταχδ
976 3049 1028 3108 καί
1052 3046 1203 3126 πρόθυμον

78 3137 133 3191 τοῦ
146 3134 240 3192 ἵππου
253 3137 346 3206 δηλοῖ·
367 3132 463 3197 οὕτως
478 3133 623 3211 ὥρμησεν,
636 3137 675 3198 ὡς
688 3135 733 3208 μή
746 3135 861 3192 δεῖσθαι
878 3131 1003 3208 κεντροῦ
1018 3126 1070 3187 καὶ
1093 3125 1202 3200 μα’στι-

76 3231 135 3286 γος·
149 3213 319 3290 -Κροίτει]
338 3216 425 3289 ἤμουν
441 3217 484 3293 τῇ
501 3213 580 3292 νίκῃ.
603 3214 692 3270 Sciet.
712 3212 793 3272 σύτο
814 3215 878 3269 sine
902 3214 1059 3288 augmento
1083 3223 1138 3282 pro
1157 3205 1202 3266 σέ-

76 3301 155 3349 outo.
176 3289 193 3310 ''
201 3292 363 3370 προσέμιξε,
378 3292 501 3352 mama.
524 3291 655 3350 Kosmas.
678 3292 710 3350 P.

116 3376 164 3429 36.
184 3371 337 3445 -λοίμπει
351 3371 385 3430 δέ
398 3371 438 3463 ut]
452 3374 546 3445 adrui,
563 3373 632 3442 ἤτοι
646 3376 692 3445 τῷ
704 3374 797 3444 ἵππῳ,
815 3367 891 3443 dari
903 3368 1026 3448 Ἱέρωνι,
1038 3364 1057 3426 d
1071 3361 1122 3424 nol
1137 3362 1202 3460 ott:

77 3469 151 3508 τιον.
182 3451 270 3508 Sobel.
302 3450 408 3531 [lrnmd
426 3450 552 3509 Hieroni
576 3454 640 3508 sine
661 3455 739 3510 omni
762 3443 1131 3524 dubitatione.]—drrotat‘p
1145 3463 1200 3504 του

78 3529 224 3594 Πέλοπος·
245 3529 412 3602 τουτέστιν,
427 3532 458 3586 ἐν
473 3533 515 3609 τῇ
534 3531 763 3602 Πελοποννήσῳ.
785 3527 873 3585 Soloi.

116 3614 162 3668 38.
183 3612 279 3667 -τοῦ
290 3609 488 3685 μεγασθενής]
510 3609 598 3666 Facti
613 3613 761 3668 mentione
786 3607 914 3682 Pelopis,
938 3602 1103 3680 digreditur
1123 3606 1278 3668 nuuosstib.

78 3690 105 3744 in
135 3689 198 3764 ejus
227 3687 396 3747 historiam:
426 3691 475 3746 ubi
504 3687 630 3764 primurn
650 3689 787 3746 breviter
806 3685 938 3742 fabulosa
957 3682 994 3739 de
1023 3700 1061 3739 eo
1087 3688 1196 3759 narrat.

77 3767 192 3824 Deinde
208 3772 236 3823 in
252 3771 412 3827 vanitatem
427 3767 592 3825 fabularum
606 3768 767 3826 invehitur.
809 3765 945 3840 Denique
962 3765 1081 3819 veriora
1102 3759 1139 3818 de
1160 3775 1205 3820 eo.

76 3863 108 3902 se
124 3847 268 3903 dicturum
284 3851 437 3921 promittit,
453 3849 530 3904 sicut
554 3852 585 3903 et
608 3849 704 3903 statim
729 3846 830 3903 laudes
855 3842 975 3917 Pelopis
995 3839 1122 3914 subjicit.
1144 3840 1200 3896 τοῦ

78 3924 174 3981 ionice
189 3931 220 3982 et
236 3925 354 3983 Politice
368 3945 424 4002 pro
437 3919 481 3985 οὗ.
523 3924 670 3983 Articulus
684 3927 902 4000 praepositivus
924 3937 979 3996 pro
1002 3917 1197 3995 subjunctivo.

77 4003 212 4063 Scaurus.
241 4004 317 4062 Vide
333 4005 397 4064 Vol.
413 4007 434 4062 l.
450 4005 529 4080 adp.
546 4009 573 4062 3.
588 4023 615 4061 n.
630 4011 658 4060 4.
677 4003 691 4024 '¹
703 4003 867 4075 Ποσειδᾶν,
883 4000 1026 4076 Ηεραὶιπ,
1041 4000 1093 4056 διο.
1116 3995 1147 4054 Ρ.

114 4087 242 4142 40-42.
263 4083 346 4144 Επεσ
359 4103 407 4142 νιν
423 4083 565 4161 καθαροῦ]
587 4082 697 4140 Fabula
711 4084 753 4139 sic
769 4083 875 4139 habet:
896 4079 1039 4140 Tantalus
1054 4077 1109 4134 diis
1124 4073 1198 4132 aded

76 4161 182 4220 charus
197 4165 280 4222 initio
295 4162 360 4238 fuit,
375 4171 407 4222 ut
421 4165 458 4222 ad
471 4180 601 4220 mensam
616 4179 720 4220 eorum
734 4161 934 4218 adhiberetur.
976 4157 1075 4230 Quum
1097 4162 1198 4212 autem

76 4241 169 4298 vellet
184 4242 241 4298 iilis
256 4245 435 4317 retribuere,
450 4246 562 4300 vocatis
576 4242 613 4299 ad
626 4259 708 4299 suam
722 4241 839 4299 domum
854 4238 997 4313 Pelopem
1011 4233 1102 4292 filium
1119 4251 1197 4291 mao-
1307 4287 1308 4295 ,

76 4323 168 4376 tatum
183 4326 214 4377 et
227 4329 345 4380 coctum
359 4325 504 4399 apposuit.
545 4321 645 4395 Quum
659 4320 731 4380 vend
756 4319 860 4394 reliqui
882 4333 982 4374 omnes
1004 4313 1043 4371 dii
1067 4309 1196 4370 funestas

77 4399 178 4475 epulas
192 4407 412 4476 aversarentur,
425 4404 488 4460 sota
501 4401 605 4475 Ceres,
621 4401 658 4457 ab
673 4401 858 4475 inquisitione
869 4395 948 4454 filiae
964 4407 1095 4468 reversa,
1109 4389 1197 4448 arida

78 4485 108 4535 'et
122 4480 225 4555 ignara
245 4480 401 4539 humerum
423 4482 560 4541 comedit.
602 4480 654 4537 Dii
678 4477 752 4538 verb
776 4474 867 4535 frusta
891 4476 989 4533 omnia
1013 4475 1042 4530 iu
1064 4467 1197 4528 lebetem

79 4559 277 4692 suppeceruut
288 4566 319 4618 et
334 4561 477 4637 Pelopem
491 4562 591 4618 rivum
606 4558 806 4630 reddiderunt,
818 4561 850 4614 et
863 4572 917 4631 pro
932 4547 1196 4622 comestabulum

144 4657 187 4695 ou.
209 4639 243 4696 ll.
443 4641 481 4694 29
670 4661 675 4674 ·
