3034 5217
457 250 600 314 NOTAE
620 248 666 310 ΙΝ
686 247 895 309 HOHERUH.
1218 258 1237 310 ἰ

120 380 232 460 llam]
247 397 304 441 nec
318 375 425 436 exinde
436 371 577 433 remotids
587 389 672 448 quam
684 371 848 447 quingentis
856 374 888 425 et
898 369 1000 444 viginti
1012 374 1150 445 quatu0r3
1166 372 1199 450 [i.
1210 390 1237 429 e.
1249 378 1277 430 3.

119 471 191 524 ante
205 463 278 520 Chr.
293 457 333 516 N.
348 459 417 516 660.
457 453 576 529 Olymp.
590 449 685 527 m.*]
707 449 739 506 ln
754 449 832 505 tanti
846 447 884 503 de
901 446 963 502 bac·
971 464 1004 504 re
1030 451 1240 508 sententiarum

119 547 281 613 varietate,
295 536 378 595 nobis
392 537 486 593 visum
502 537 546 590 ert
560 531 642 606 sequi
663 524 755 588 multd
775 525 918 601 mojorem
939 528 1070 584 virorum
1089 528 1241 586 doctorum

119 614 303 691 numerum‚i
334 619 464 671 aetatem
490 611 595 668 summi
618 613 723 682 podiae
746 604 882 681 ponendo
903 605 1023 661 circiter
1045 623 1152 664 mnnm
1175 614 1242 682 poet

120 706 242 776 ceptam
256 693 379 769 'frojam
394 694 471 760 2403
493 691 511 746 l.
527 707 553 745 e.
569 688 690 744 circiter
703 687 762 742 944
776 699 866 740 annos
879 687 946 739 onte
961 681 1032 739 Chr.
1047 682 1104 760 Ni

163 777 279 849 Quibus
292 770 461 849 parentibus
476 772 555 824 ortus
569 763 660 822 fuerit
679 779 798 839 prorsus
818 765 865 818 est
885 763 1024 836 ignotum.
1064 762 1145 820 Nam
1167 781 1242 838 quae

121 858 162 916 de
188 857 233 913 his
252 847 342 927 vulgd
361 843 607 906 circumferuntur
626 845 808 900 narrationes
829 836 943 896 omnind
961 845 1029 896 eunt
1048 841 1243 900 incredibiles

122 933 265 1009 Exempli
279 929 391 1006 gratii;
413 923 507 984 refert
528 927 630 980 auctor
655 923 685 978 in
709 920 760 978 illi
782 919 868 975 brevi
890 916 1016 976 Homeri
1037 921 1108 992 viti,
1130 937 1205 994 quae
1228 922 1246 978 ai

122 1011 287 1073 Plutarcho
297 1008 462 1080 conscripta
471 1003 594 1060 dicitur:
618 1003 639 1037 u
648 999 746 1057 Fuisse
763 1001 792 1054 in
807 997 838 1053 lo
854 997 954 1068 inauli,
967 1013 1024 1071 quo
1038 1002 1172 1071 ternpore
1184 999 1247 1055 Ne-

122 1093 221 1150 “lens
236 1087 325 1146 Codri
338 1084 414 1142 filius
427 1084 556 1140 tonicam
570 1078 723 1136 Coloniam
737 1075 869 1147 deduxit,
878 1075 1020 1149 quandam
1030 1074 1160 1150 puellam
1175 1076 1247 1134 indi-

123 1175 147 1210 “
157 1166 291 1248 genami
301 1165 442 1222 daemone
453 1159 577 1235 quodam
587 1157 736 1214 Musarum
745 1151 882 1211 familiari
893 1170 1107 1228 compressam
1122 1171 1246 1230 eamque

124 1255 147 1288 n
157 1245 312 1326 gravidam
326 1240 432 1300 iactam
447 1243 476 1296 in
491 1239 643 1312 regionem
656 1236 775 1292 nomine
796 1233 941 1308 Aeginam
954 1236 1149 1302 concessisse;
1170 1234 1247 1291 unde

125 1332 147 1368 ‘t
158 1329 298 1396 latrones,
313 1323 362 1397 qui
381 1320 576 1393 irruptionem
595 1314 666 1370 illuc
687 1309 837 1384 fecissent,
851 1328 918 1367 eam
937 1311 1090 1385 Smyrnam
1104 1315 1133 1369 in
1155 1316 1249 1371 serri-

125 1411 253 1464 “tutem
273 1401 405 1468 duxisee3
428 1397 526 1471 ibique
549 1392 666 1450 Maeoni
688 1391 836 1466 Lydorum
864 1391 929 1464 regi
953 1388 1083 1446 deniare.
1117 1389 1249 1466 Cirmque

125 1488 217 1542 “rex
247 1478 377 1558 puellum
408 1479 533 1550 propter
553 1467 801 1547 pulchritudinem
834 1470 967 1539 emisset,
996 1470 1084 1544 inque
1100 1472 1250 1527 matrimo-

126 1565 242 1620 “nium
268 1559 415 1625 duxisset3
446 1553 536 1623 illam,
565 1551 632 1606 dum
666 1547 744 1622 apud
772 1546 915 1604 Meletem
945 1547 1117 1619 ambularet,
1151 1549 1250 1622 periris

128 1638 309 1698 “doloribus
323 1638 501 1708 correptam,
516 1629 679 1687 Homerum
700 1625 786 1702 juxta
809 1622 918 1682 humen
940 1625 1124 1699 peperisse.'’
1165 1627 1250 1684 Hnec
1281 1676 1284 1680 .

128 1719 239 1790 fabule,
255 1731 341 1792 qnam
353 1715 487 1769 narrator
500 1727 532 1765 se
547 1707 625 1780 apud
640 1703 829 1762 Aristotelem
842 1706 872 1760 in
883 1705 970 1759 tertio
981 1703 1017 1759 de
1033 1703 1150 1761 Poetici
1164 1705 1250 1779 libro,

128 1798 184 1857 sed
198 1799 249 1872 qui
262 1809 339 1850 nunc
352 1788 522 1865 deperditus
536 1793 591 1858 est,
606 1785 752 1842 invenisse
768 1785 818 1853 ait,
829 1784 1007 1851 mentionem
1018 1799 1075 1839 non
1085 1788 1250 1856 meruisset,

129 1879 188 1936 nisi
206 1871 282 1950 qudd
304 1868 368 1928 inde
386 1871 493 1926 scimus
516 1865 677 1922 Homerum
700 1855 716 1917 ὲ
739 1860 864 1920 Maeone
888 1859 1074 1933 Maeoniden,
1099 1861 1116 1918 a
1137 1862 1250 1919 Melete

130 1953 327 2030 Melerigenem
341 1946 486 2006 interdum
500 1942 588 2002 suime
604 1940 792 2016 appellatum.
834 1937 893 1994 Sed
906 1943 1051 2013 utcunque
1074 1939 1130 1996 tide
1152 1943 1188 1997 sit
1210 1943 1253 1998 in-

132 2035 222 2109 digna
236 2031 346 2088 haecce
361 2025 469 2097 fabula,
483 2022 592 2081 multae
608 2021 682 2078 aliae
693 2035 751 2074 non
760 2019 855 2075 minus
866 2017 1054 2074 incredibiles
1068 2019 1105 2075 de
1119 2018 1252 2076 Homero

131 2115 299 2183 namntur,
314 2121 435 2182 quarum
450 2101 589 2177 repetitio
604 2104 633 2156 et
650 2115 772 2172 operam
786 2101 818 2152 et
831 2095 929 2153 oleum
945 2094 1023 2152 soret
1035 2096 1195 2170 perdentis.

174 2187 275 2249 Solum
290 2185 353 2262 ejus
368 2182 464 2240 natale
479 2176 630 2238 admodum
645 2176 722 2251 apud
736 2181 856 2232 veteres
871 2178 1016 2231 incertum
1033 2173 1122 2232 fuisse
1143 2177 1194 2232 vel
1214 2194 1253 2234 ex

133 2287 173 2328 eo
187 2274 323 2344 apparet,
338 2260 413 2340 qndd
427 2260 463 2317 de
478 2258 536 2316 hoc
551 2258 661 2314 honore
676 2260 794 2330 septem
807 2255 940 2315 civitates
951 2254 1021 2311 olim
1032 2255 1252 2326 contenderint;

135 2363 260 2425 quarum
272 2345 391 2402 nomina
403 2343 543 2415 sequente
559 2334 706 2394 versiculo
721 2334 923 2390 continentur:

222 2523 351 2602 Smyrna,
365 2517 486 2592 Rhodus,
503 2515 651 2594 Colophon,
668 2511 797 2584 Salamis,
814 2509 907 2584 Clra’os,
928 2509 1025 2588 drgor,
1040 2509 1168 2569 Athenae.

135 2642 223 2704 Unde
238 2641 357 2714 Cicero,
372 2643 391 2675 ‘⁴
401 2631 594 2706 Homerum‚’'
610 2633 712 2708 inquit,
727 2627 933 2704 “Colophonii
948 2630 1048 2688 civem
1066 2647 1130 2686 esse
1154 2630 1255 2687 dicunt

135 2729 156 2762 ‘t
166 2739 261 2795 suum,
270 2719 340 2776 Chii
348 2733 431 2774 suum
440 2714 598 2786 vindicant,
608 2711 757 2768 Salaminii
768 2713 916 2782 repetunt,
927 2708 1081 2783 Smyrnaei
1092 2707 1256 2765 verdunum

137 2805 158 2838 “
168 2817 235 2858 esse
250 2795 430 2857 confirmant.
464 2793 565 2868 ltaque
581 2791 671 2848 etiam
685 2787 840 2845 delubrum
854 2785 918 2860 ejus
933 2788 962 2844 in
973 2786 1082 2860 oppido
1100 2787 1256 2844 dedicave-

136 2885 157 2919 “
167 2884 244 2937 runt.
274 2874 417 2934 Permulti
433 2871 483 2929 alii
497 2875 657 2946 praeterea
666 2872 797 2942 puguant
811 2867 889 2924 inter
902 2882 935 2920 se
946 2869 1034 2938 atque
1048 2865 1254 2921 contendunt.”

137 2959 237 3038 [Orat
251 2973 306 3031 pro
321 2952 430 3014 Archii
444 2947 556 3024 Poeta]
593 2945 651 3004 Sed
668 2962 763 3019 neque
783 2944 820 3000 de
838 2941 1001 3000 nominibus
1018 2942 1122 3000 barum
1142 2949 1257 3000 certan-

137 3042 214 3096 tium
228 3037 381 3092 civitatum
396 3035 530 3088 auctores
544 3027 744 3092 consentinam
766 3040 833 3079 nam
847 3021 964 3096 quidam
977 3038 1033 3094 pro
1042 3021 1188 3078 Salamine
1200 3020 1258 3078 Cu·

137 3131 211 3188 mas,
226 3115 278 3170 alii
292 3130 346 3188 pro
362 3110 507 3168 Salamine
523 3111 554 3163 et
568 3103 672 3160 Rhodo
688 3101 794 3177 Pylum
818 3106 904 3175 atque
922 3099 1052 3157 Ithacam
1073 3100 1256 3158 substituunt.

137 3194 195 3252 Vir
209 3191 389 3250 doctissimus
407 3187 469 3248 Leo
484 3183 617 3256 dilutius,
633 3183 695 3256 ipse
712 3179 814 3252 Chius,
829 3183 859 3236 in
880 3179 955 3236 libro
979 3178 1120 3254 singulari
1145 3180 1181 3237 de
1205 3179 1259 3236 Pe·

137 3274 197 3330 trii
212 3270 336 3330 Homeri
350 3268 527 3340 conscripto,
542 3261 706 3322 Homerum
721 3261 753 3316 in
765 3259 962 3318 celeberrimi
971 3259 1062 3315 inauli
1071 3257 1148 3316 Chio
1158 3265 1257 3316 natum

138 3367 206 3409 esee
221 3347 381 3419 contendit
397 3351 428 3401 et
442 3344 517 3400 hanc
529 3358 622 3418 ,suam
647 3341 814 3414 opinionem
838 3341 928 3394 variis
950 3339 1122 3394 testimoniis
1146 3336 1259 3395 erudite*

138 3427 272 3488 suffulsit.
328 3424 417 3482 Gron.
433 3421 581 3480 Thesaur.
596 3419 661 3476 'Ant
677 3417 727 3473 Gr.
743 3416 808 3472 Vol.
823 3415 864 3492 ru]
887 3416 1020 3490 Scriptor
1037 3433 1093 3471 non
1109 3416 1260 3491 inelegans

138 3507 287 3566 liebertus
339 3502 405 3576 ood,
421 3503 470 3578 qui
485 3501 623 3576 regiones
638 3495 776 3573 quasdam
790 3497 932 3551 asiaticas
950 3496 1143 3569 peregrinans
1158 3492 1260 3550 lustra·

172 3633 325 3698 ¹'Opinatur
342 3629 500 3682 doctissimus
516 3624 667 3678 Doduellur
685 3623 825 3671 Homerum
841 3625 899 3683 poet
917 3621 1019 3683 Olymp.
1038 3619 1111 3667 xxiii.
1129 3620 1258 3680 tiernium

140 3705 190 3752 ⁵00
202 3701 274 3750 annia
285 3704 342 3762 post
352 3699 444 3764 Troiae
457 3694 586 3743 excidium
597 3709 605 3749 t
623 3693 650 3737 et
660 3691 729 3737 hanc
740 3701 811 3734 ruam
822 3687 965 3748 opinionem
985 3685 1082 3733 summi
1098 3698 1158 3734 cum
1178 3685 1261 3734 erudi·

140 3771 209 3818 uene
222 3766 290 3814 tueri
302 3768 416 3814 conatur.
437 3760 505 3875 q[De
518 3757 605 3821 Cyclio
617 3755 683 3804 Dies.
695 3755 730 3803 iii.
744 3753 767 3804 tl
779 3754 880 3815 6—69.]
899 3749 977 3808 Quod
988 3750 1093 3800 miratur
1103 3751 1261 3800 doctissimus

140 3833 279 3894 Cornutus,
291 3831 359 3879 Part.
372 3832 425 3880 hit.
461 3841 511 3875 om.
525 3825 561 3872 iit.
573 3839 599 3886 p.
614 3823 669 3872 158.

174 3947 264 3998 ivise
276 3945 428 3998 Salmasium
438 3944 473 3993 ad
484 3940 563 3992 Solin-
575 3955 601 4003 p.
614 3939 672 3992 608.
685 3941 712 3988 et
724 3935 856 3999 Heyninm
865 3934 899 3982 ad
911 3933 1028 3997 Apollod.
1040 3949 1068 3996 p.
1081 3935 1153 3984 lone.

173 4064 354 4133 ssHerodotur,
366 4061 410 4124 qui
422 4059 515 4108 vixisse
527 4053 605 4120 vulgi>
623 4053 743 4103 statuitur
754 4052 854 4099 circiter
865 4051 1010 4112 olympiad.
1021 4050 1122 4110 lxxxiv,
1146 4051 1195 4098 hoc
1213 4053 1262 4110 erg

144 4131 246 4182 circiter
255 4144 351 4178 annum
358 4132 419 4176 ante
427 4125 489 4176 Chr.
500 4123 532 4172 N.
545 4124 604 4183 444,
616 4120 692 4168 refert
704 4119 729 4166 in
741 4117 788 4167 oui
799 4116 912 4177 historici,
923 4116 968 4164 lib.
981 4117 1007 4164 ii.
1020 4116 1060 4175 53,
1086 4117 1225 4165 Homerum
1234 4119 1264 4164 ,ι

144 4197 287 4248 Hesiodum
297 4199 358 4244 aute
368 4209 395 4242 ee
407 4196 438 4240 ut
448 4191 501 4254 ipse
513 4187 622 4252 putabat
633 4184 749 4234 extitisse
766 4183 839 4233 annis
854 4181 1044 4246 quadringentis
1052 4185 1080 4229 et
1088 4198 1137 4230 non
1145 4182 1262 4244 amplius.

145 4263 294 4314 Secundum
305 4259 464 4309 Herodotum
476 4257 552 4320 igitur
567 4251 693 4301 Homerus
713 4250 778 4298 vixit
793 4254 855 4297 ante
875 4247 937 4296 Chr.
951 4247 982 4296 N.
996 4247 1068 4294 annis
1079 4250 1144 4304 8443
1161 4253 1189 4295 et
1206 4251 1265 4310 post

145 4333 250 4394 captam
260 4327 362 4390 Troiam
374 4325 433 4374 340.
468 4321 520 4370 Sed
531 4333 590 4368 cum
600 4319 650 4368 hoc
661 4331 712 4365 non
722 4315 850 4365 consentit
859 4316 928 4376 quod
946 4313 1073 4362 invenitur
1091 4313 1117 4362 in
1135 4312 1197 4362 Viti
1210 4311 1265 4360 Ho-

145 4396 210 4446 meri
218 4393 352 4444 Herodoto
363 4389 500 4452 adscripti,
510 4385 559 4436 uiri
569 4386 670 4451 legetur
681 4397 740 4432 cum
751 4380 882 4445 Scaligero
892 4389 1066 4447 mpeaeurapro
1076 4381 1182 4441 timi..
1197 4377 1265 4429 vid·

147 4461 256 4514 Corriuii
267 4460 335 4510 Part
349 4458 404 4508 Att.
416 4455 460 4506 uhi
470 4467 554 4517 supra.
