3034 5217
687 339 724 385 rx

151 504 253 553 suum
273 478 425 574 Angliae
442 474 758 551 BENTLElUM
775 502 784 565 3
803 492 839 549 et
855 478 987 565 forsan,
1001 480 1096 575 quod
1113 482 1159 555 ad
1176 484 1301 556 subac-
1341 485 1343 494 '

149 618 225 677 tum
243 604 371 675 attinet
380 602 569 698 judicium,
588 601 696 674 etiam
714 601 879 706 Bentlcio
898 605 1077 699 majorem.

199 729 315 821 Quor)
344 728 373 801 si
400 727 522 815 semel,
549 752 657 825 prope
676 728 816 801 initium
838 729 1061 825 sequentium
1078 732 1115 804 in
1132 730 1300 805 Medeam

148 857 432 943 annotationum,
448 854 622 928 Criticum
635 856 817 942 eximium,
831 855 877 927 ob
890 871 1031 929 exterae
1048 859 1163 955 gentis
1180 884 1301 932 aemu-

148 988 224 1061 lum
251 984 361 1058 nimio
388 998 489 1056 aceto
520 985 565 1055 ab
596 984 658 1056 illo
689 984 882 1081 perfusum,
915 984 1037 1057 leviter
1068 986 1301 1083 perstringere

147 1138 256 1187 ausus
283 1110 373 1197 sim3
401 1109 437 1181 id
463 1134 534 1181 non
561 1109 694 1183 facturn
719 1110 1014 1207 interpretabitur,
1042 1110 1174 1183 samam
1192 1112 1302 1209 ipsius

147 1234 337 1309 vellicandi
353 1230 478 1331 gratiis,
490 1232 553 1305 sed
570 1232 651 1307 ideo
668 1234 762 1330 quod
774 1234 888 1306 virum
901 1234 1001 1306 valde
1019 1235 1169 1333 cupidus
1186 1260 1302 1308 essem

148 1360 303 1449 videndi,
332 1359 447 1457 quise
465 1358 741 1433 eruditissimum
768 1359 888 1457 reique
913 1359 1058 1432 criticae
1075 1382 1117 1433 ac
1135 1360 1302 1434 metricae

148 1485 401 1585 peritissimum
414 1484 618 1573 ostenderit,
633 1484 786 1559 eundem
797 1509 937 1584 quoque
949 1485 1149 1584 praeditum
1157 1485 1302 1583 ingenio

147 1612 219 1689 leni
235 1630 341 1709 etque
359 1628 555 1686 mansueto.

198 1738 257 1813 To
279 1739 422 1826 interea,
440 1737 589 1811 candide
609 1736 751 1826 Lector,
774 1735 894 1809 lavere
919 1760 1028 1833 perge
1055 1734 1304 1811 humilioribus

149 1865 246 1939 hisce
258 1863 449 1949 laboribus,
463 1888 506 1935 eo
519 1862 668 1936 consilio
680 1862 725 1934 ab
738 1861 840 1934 initio
852 1861 1026 1957 susceptis
1043 1861 1168 1956 etjam
1185 1859 1301 1934 denuo

150 1989 338 2076 renovatis,
364 2003 404 2063 ut
429 1988 536 2061 docili
554 1988 735 2085 juventuti
752 1986 798 2059 ad
817 1985 978 2059 Graecae
997 1982 1154 2057 Pooseos
1171 1985 1301 2057 intelli-

150 2116 305 2215 gentiam
321 2130 358 2187 et
375 2139 530 2187 amorem
547 2114 640 2187 viam
659 2112 855 2187 faciliorem
871 2111 1059 2189 munirent.
1099 2110 1201 2185 Vale.
1222 2110 1299 2184 Scr-

150 2240 360 2340 Edinburgi,
380 2241 433 2315 ld.
453 2241 546 2339 Aug.
565 2240 611 2313 A.
631 2238 680 2315 D.
703 2241 811 2314 1802.

197 2366 295 2444 Vor..
323 2366 373 2444 11.
678 2366 706 2439 2
