3034 5217
649 401 828 452 menum
845 405 978 455 mucA.

482 499 655 639 Εμαίνετ’
672 545 878 643 Λλκμαίων
892 574 942 636 τε,

482 671 525 742 Χ
526 665 537 690 ³
550 666 569 740 ὁ
584 667 783 745 λευκόπους
807 671 975 772 Ορέοτης,

484 792 557 868 Τοῖς
572 793 728 893 μητέρας
745 797 946 874 κτανόντες.

479 918 568 1011 Εμω
586 919 624 991 δέ
638 918 779 1018 μηδένα
794 922 892 1011 κτοίς,

480 1045 583 1115 Πιολν
602 1042 635 1114 δ’
655 1045 807 1140 ἐρυθρόν
825 1045 938 1136 οἶνον,

482 1165 593 1258 Θέλω,
609 1166 708 1241 θέλω
724 1170 897 1276 μανῆναα

476 1293 659 1390 Εμαίνεθ’
672 1293 865 1396 Ἡρακλῆς
882 1299 979 1395 τιρίν,

476 1417 612 1516 Δεινήν
629 1421 769 1492 κλονιὸν
785 1419 982 1522 φαρέτρην,

477 1541 555 1613 Καὶ
572 1531 678 1632 τόξον
696 1545 866 1642 Ιφίτειον.
933 1565 936 1573 “

474 1661 660 1764 Εμιιίνετο
678 1670 764 1766 τιρίν
780 1671 880 1746 Αἴας

474 1789 567 1863 Μετ’
585 1790 732 1868 ἀσπίδος
750 1795 957 1890 κραδαίνων
1049 1851 1053 1854 -

478 1915 556 2016 Τήν
569 1917 745 2015 Ἕκτορος
761 1918 959 2018 μάχαιραν.

473 2040 562 2135 Εμοέ
579 2041 614 2114 δ’
631 2043 722 2138 ἔχων
739 2045 935 2136 κύπελλον,

474 2166 553 2238 Καὶ
571 2166 708 2264 στέμμα
725 2169 832 2242 τοῦτο
846 2171 1004 2267 χαίταις,

476 2287 534 2360 Οὐ
550 2293 663 2380 τόξον,
680 2293 725 2364 οὗ
740 2292 939 2392 μάχαιραν,

476 2413 587 2504 Θέλω,
603 2415 701 2490 θέλω
717 2418 891 2518 μανῆναι

518 2667 544 2714 *’
555 2673 606 2746 λέ.
658 2677 727 2752 Εἰς
744 2675 926 2779 Εὐρώπης
941 2679 1077 2760 εἰκόνα

420 2915 424 2924 ·
503 2877 564 2974 ,Ὁ
580 2881 713 2977 ταῦρος
730 2878 845 2972 οὗτος,
861 2881 890 2957 ὦ
905 2895 983 2975 τιαῖ,

472 3004 566 3080 Ζειίς
581 3033 644 3104 μοι
661 3011 764 3112 δοκεῖ
777 3036 827 3084 τις
845 3009 949 3083 εἶναι.
1017 3048 1019 3051 ·

471 3126 577 3225 Φέρει
593 3127 664 3227 μοίρ
683 3131 776 3232 ἀμφὶ
792 3131 916 3211 νώτοις

467 3252 652 3355 Σιδωνίην
670 3267 844 3350 γυναῖκα·

466 3378 573 3477 Περρῖ
588 3377 628 3452 δέ
643 3380 778 3454 ττόντον
794 3381 913 3481 εὗρόν,

469 3499 596 3600 Τέμνει
613 3533 650 3578 τε
668 3503 768 3604 κόμα
781 3512 926 3607 χηλαῖς.

467 3625 547 3700 Οόκ
565 3627 611 3701 ἂν
629 3627 667 3701 δέ
682 3631 816 3728 ταῦρος
834 3632 945 3712 ἄλλος

464 3756 522 3841 E}
538 3752 670 3854 ἀγέλης
687 3755 850 3835 ἐλασθεὶς

462 3879 631 3952 Εττλενσε
649 3881 715 3979 τήν
732 3881 941 3976 θοίλαοοαν,

462 4001 517 4072 Εἰ
529 4001 580 4101 μή
595 4001 705 4099 μόνος
720 4005 753 4099 y'
771 4008 916 4088 ἐκεῖνος.
