3034 5217
480 321 623 384 unrnn
642 323 689 382 ru
710 323 930 385 rrnrnsauu.
996 381 999 389 ,
1204 333 1292 407 ηε,

138 440 251 504 κτίσας
265 440 326 513 την
339 437 491 512 Κατάνην
506 437 633 520 δἸέροιν
643 440 695 499 καὶ
710 442 833 514 Αἴτνην
843 441 1057 516 μετονομάσας,
1068 443 1193 503 διοικεῖν
1203 446 1266 504 Δει-
1276 449 1342 506 281.

139 519 257 593 νομένει
269 521 315 592 τῷ
329 517 563 591 υἱῷ-δέδωκεν,
574 522 606 576 ἐν
620 518 719 592 νόμοις
735 524 793 591 τῆς
805 520 931 598 Δωρίδος
940 519 1084 594 στάθμης.
1123 519 1219 582 Τούτο
1232 522 1265 582 δέ

141 598 234 675 λέγει,
258 596 323 658 ἐπεὶ
343 599 515 697 στρατηγὸν
535 597 635 670 αὐτῆς
665 598 849 671 κατέστησεν
867 601 971 672 aaron
992 599 1154 678 έλειθέρους
1178 601 1264 674 dasle

141 679 215 741 τούς
231 675 402 751 Αἰτναίαις,
418 697 468 735 και
485 682 548 740 τοῖς
556 678 752 740 ’Λακωνικοῖς
778 677 898 756 τρόποις
924 677 944 750 ἢ
970 679 1066 751 νόμοις
1090 681 1264 758 χρωμένους.

143 757 249 833 Soloi]
271 756 465 814 concesserat
478 759 542 814 sine
556 757 644 813 dubio
658 756 753 814 Hiero
768 762 851 815 noris
866 759 987 825 colonis,
1003 765 1035 815 ut
1056 762 1179 836 antiquis
1194 760 1266 836 legi-

141 836 200 893 bus
214 841 376 907 uterentur,
390 837 423 892 ἐν
437 833 538 907 νόμοις
557 833 700 898 Ὑλλίδος
715 834 860 910 στάθμας,
877 840 894 894 i.
910 855 937 892 e.
958 837 998 894 od
1018 857 1037 892 a
1054 858 1143 896 naum
1166 841 1267 914 legum

142 913 340 990 Hyllicarum.
382 914 478 989 Leges
493 914 631 989 Hyllicae
645 920 711 972 sunt
726 918 755 972 in
769 933 881 990 genere
898 915 1048 992 Peloponn
1084 919 1176 988 iacae,
1192 923 1267 976 etin

141 996 246 1068 specie
260 994 433 1068 Spartanae,
446 993 591 1069 siquidem
607 992 723 1068 Hyllus,
738 993 878 1052 Herculis
895 994 983 1067 filius,
997 999 1108 1070 primus
1122 998 1192 1056 olim
1208 998 1267 1056 dux

142 1070 246 1129 fuerat
263 1072 498 1142 Heraclidarum,
520 1077 572 1148 qui
596 1089 663 1128 cum
687 1071 819 1131 Doribus
845 1073 1078 1148 Peloponnesum
1101 1078 1202 1151 quarti
1216 1077 1267 1134 de·

142 1167 224 1209 mum
239 1157 337 1207 aetate
357 1152 571 1226 expugnabant
591 1150 712 1208 (ἔνατος,

189 1233 352 1288 tat—125.
378 1228 502 1287 Θέλοντι
522 1228 609 1306 δέ-]
640 1230 721 1286 Ordo
745 1237 806 1289 est:
827 1231 941 1306 iacyntus
955 1231 988 1289 δὲ
1014 1230 1187 1304 Παμφύλου
1212 1232 1268 1294 καλ

143 1310 211 1382 μην
221 1308 442 1386 Ἡρακλειδῶν,
459 1307 591 1371 ιαὼντες
608 1308 667 1387 [ἐν]
682 1310 786 1383 ὄχθαις
801 1311 860 1368 δοιά
878 1309 1042 1386 Ταϋγέτου,
1057 1310 1194 1380 θέλουσιν
1208 1312 1268 1372 αἰεὶ

143 1388 247 1462 μένειν
267 1387 388 1465 Δωριέες
417 1390 449 1443 ἐν
474 1390 624 1460 τεθμοῖσιν
653 1389 800 1463 Αἰγιμιοῦ.
843 1389 952 1448 Posteri
986 1402 1075 1448 autem
1107 1389 1267 1470 Pamphyli,

145 1480 227 1546 atque
247 1467 331 1525 aiam
351 1465 639 1544 Herodidorumui
660 1467 730 1524 olim
754 1467 961 1526 habundantia
984 1469 1040 1526 oris
1062 1469 1110 1527 sub
1137 1469 1267 1548 Τοῇχιλο,

143 1546 262 1624 cupiunt
290 1565 396 1624 ιιννριν
424 1565 535 1603 annuere
571 1545 718 1602 Dorienses
743 1545 775 1603 in
810 1547 913 1625 legibus
946 1547 1077 1626 elegimis',
1118 1549 1207 1622 Nam,
1236 1555 1268 1608 ut

145 1625 229 1684 recte*
258 1626 428 1686 observavit
454 1623 609 1697 Gentius,
639 1623 811 1697 Παμφύλου
838 1625 891 1684 καὶ
922 1625 1131 1704 Ἡρακλειδᾶν
1156 1629 1267 1702 ἔκγονα

142 1711 213 1762 sunt
227 1704 255 1761 h.
271 1705 296 1760 Ι,
305 1710 441 1760 recentes
458 1705 567 1761 Aetnae
584 1703 710 1778 incolae,
721 1723 760 1761 ex
777 1704 980 1780 Peloponneso
992 1705 1119 1764 deducti.
1137 1707 1268 1766 morien

144 1787 222 1841 sium
236 1788 369 1858 nepotes,
385 1780 493 1862 (verbs
505 1790 571 1839 sunt
586 1782 717 1858 ejusdem
732 1786 790 1841 riri
805 1783 990 1922 doctissimiss
1003 1786 1139 1861 quamdiu
1162 1789 1190 1843 in
1207 1788 1269 1863 ipsi

146 1862 351 1937 Peloponneso
371 1856 391 1918 a
412 1860 571 1935 majoribus
585 1861 752 1936 expugnati
768 1863 945 1935 habitabant,
992 1866 1121 1922 elienses
1136 1883 1268 1939 manere,
1361 1889 1364 1894 ·

143 1945 254 2000 mirum
269 1960 326 1997 non
346 1948 421 1999 erat
463 1941 521 1996 Sed
544 1948 737 2016 transgressos
762 1944 791 1998 in
817 1942 947 2000 Siciliam
966 1961 1092 2017 quoque,
1107 1943 1269 2002 Dorienses

146 2026 247 2077 tamen
261 2037 380 2076 rnanere
395 2026 427 2077 et
449 2022 571 2096 antiquis
592 2020 706 2096 legibus
732 2023 773 2078 uti
799 2023 936 2092 voluisse,
958 2021 987 2080 id
1013 2021 1131 2097 quidem
1154 2021 1269 2081 omnino

147 2099 340 2157 memorabile
366 2105 439 2157 erat
484 2099 636 2176 Τοῇχαοιιι
664 2105 696 2155 et
722 2099 852 2176 Amyclas
873 2101 1129 2161 commemorando
1153 2101 1268 2159 uidetur

146 2184 235 2254 poeta
249 2181 412 2253 regionem,
425 2177 500 2235 unde
520 2181 630 2235 Aetnae
646 2179 743 2235 coloni
769 2183 915 2251 venerint,
930 2177 1093 2252 accuratius
1118 2180 1267 2242 denotare.

147 2256 264 2335 Δωριῆς
287 2275 342 2332 pro
366 2255 498 2333 Δωριέες.
539 2257 718 2330 Notandum,
740 2275 797 2314 non
820 2258 913 2316 solmn
938 2277 989 2316 eos
1012 2259 1123 2316 Aetnae
1148 2259 1268 2333 incolas,

148 2339 199 2412 qui
225 2355 264 2394 ex
289 2335 492 2411 Peloponneso
517 2340 727 2412 migraverant,
751 2335 850 2394 Dares
874 2335 974 2409 fuisse,
998 2337 1049 2394 sed
1074 2338 1269 2412 Syracusanos

147 2433 275 2492 quoque,
289 2434 329 2472 ex
343 2416 445 2490 quibus
456 2415 574 2473 dimidia
585 2417 754 2473 colonorum
766 2433 834 2490 pars
843 2420 1011 2492 conscripta
1025 2423 1105 2484 erat3
1126 2417 1269 2492 siquidem

148 2501 181 2552 et
193 2495 354 2570 Syracusae
370 2495 440 2552 olim
456 2495 472 2551 a
486 2494 753 2579 Peloponnpsiacis',
774 2495 873 2552 hince
894 2496 1022 2553 Doribus
1046 2502 1129 2553 erant
1154 2501 1270 2553 extruc-

148 2579 206 2631 tae.
247 2573 397 2651 degenies,
412 2572 603 2632 Doriensiurn
617 2592 671 2633 rex
688 2582 719 2632 et
734 2575 897 2649 legislator,
911 2573 1051 2632 Herculis
1066 2575 1206 2650 aequalia,
1221 2578 1270 2650 qui

149 2656 179 2710 ei
199 2658 302 2710 contra
335 2652 474 2728 Lapithas
494 2654 728 2712 auxiliumlnlit
752 2672 780 2710 ν.
810 2653 944 2730 ΑροΙΙοδ.
971 2653 1132 2711 Biblini.
1174 2653 1268 2729 Hujus

148 2738 253 2807 postea
268 2731 320 2790 filii
336 2731 514 2807 Pamphylus
529 2738 560 2788 et
584 2731 696 2807 Dymas
716 2731 890 2790 Heraclidas
908 2732 1139 2806 Peloponnesum
1159 2750 1273 2807 expug·

147 2817 268 2868 usturos
278 2811 500 2868 conflabantur.
516 2810 691 2887 Apollonii.
703 2815 731 2868 8.
772 2809 940 2882 Caeterum,
953 2815 992 2867 uti
1007 2811 1139 2884 Heynius
1150 2813 1271 2884 notavit,

149 2887 283 2952 sulcasse
298 2896 415 2946 nonest
437 2889 600 2960 λοολοακοιο,
624 2891 676 2946 sed
700 2888 748 2968 qui
769 2889 836 2944 oiim
858 2889 1027 2960 doditdnmt,
1051 2891 1078 2945 ol
1100 2887 1270 2960 νασάμενοι·

149 2985 206 3043 per
219 2969 374 3044 enallagen
389 2971 539 3044 temporis,
554 2974 586 3024 ut
599 2968 670 3025 ille:
690 2968 743 3024 sed
757 2966 852 3041 potitis
869 2965 984 3042 impert
1008 2971 1169 3042 participii,
1188 2967 1271 3042 cujus

145 3045 243 3104 dorma
271 3048 376 3106 eadem
400 3053 445 3104 est
467 3064 502 3104 ac
524 3051 708 3122 praesentis:
729 3047 834 3105 saltem
860 3049 899 3102 ita
919 3049 1110 3122 grammatici.
1131 3043 1145 3064 ”
1158 3047 1272 3120 Οχθαις

150 3121 210 3184 ’ύιοο
228 3124 390 3200 Ταϋγέτου.
426 3128 474 3183 Sic
490 3144 598 3184 ornnes.
633 3128 678 3184 An
697 3132 803 3182 constr.
825 3125 882 3182 ὑπὸ
904 3122 1187 3198 lquere-sabolinis
1200 3124 1273 3200 Τοχ-

147 3205 208 3283 geri
217 3226 227 3260 .·
248 3204 350 3278 ὄχθαις
366 3223 420 3279 pro
434 3205 543 3280 ὄχθοις,
559 3209 693 3282 utsupra
706 3223 735 3262 v.
750 3207 797 3261 99.
812 3204 885 3275 αἰνᾷ
902 3203 1058 3280 Ταρτάρῳ,
1075 3203 1153 3262 διο..ρ
1174 3203 1205 3262 P.

193 3289 258 3342 125.
278 3284 457 3360 -έσχον-]
483 3283 678 3344 Tenuernnt-
692 3287 721 3356 ui
736 3282 1034 3358 plusquamperl'ecti:
1055 3299 1121 3340 nam
1134 3284 1172 3339 ad
1195 3275 1273 3341 colol

147 3380 264 3435 norum,
279 3366 327 3438 qui
343 3380 381 3421 ex
397 3363 600 3438 Peloponneso
614 3369 769 3434 venerant,
788 3361 913 3436 major-es
936 3362 992 3418 hoc
1017 3361 1272 3437 spectat'Hnrrtn.

151 3441 254 3516 Εσχον
267 3443 295 3498 δ)
308 3440 510 3519 Apustius-1
527 3444 674 3519 κατέσχον
689 3443 752 3514 τήν
774 3439 936 3516 Σπάρτην·
957 3443 1018 3498 dud
1043 3444 1116 3513 μοῖς
1138 3440 1197 3517 γάρ
1220 3439 1275 3499 αύ-

151 3523 224 3583 istoc
236 3520 408 3592 τηνιοάσον
418 3521 554 3594 ἐμφαίνει
570 3519 765 3592 Λακωνικήν.
781 3519 868 3575 Scluat
908 3519 1061 3577 Terruerant
1071 3539 1137 3578 aero
1148 3519 1275 3596 daupeins

123 3629 128 3639 ·
152 3599 235 3674 beuti,
258 3599 388 3656 δΡκάάο
399 3601 529 3680 prosecta,
544 3601 850 3678 otuu-eqnavectorom
868 3595 1092 3673 Τητιάονίάαηαο
1108 3597 1275 3655 celeberrimi

151 3680 272 3751 accolae
283 3699 395 3756 φιοιυνο
408 3679 501 3736 daune
513 3678 724 3760 gloraoflorae’t
748 3674 918 3750 Πινδόθεν]
935 3674 1022 3750 λέγει,
1034 3671 1053 3733 δ’
1056 3695 1087 3734 τι
1103 3677 1128 3733 ολ
1143 3676 1274 3752 Δωριεῖς,

147 3759 204 3816 διά
219 3757 337 3816 Πίνδου
350 3757 413 3828 την
437 3755 562 3814 κάθοδον
586 3755 789 3829 ποιησάμενοι,
811 3755 937 3830 εὐχερῶς
957 3755 1017 3827 τῆς
1045 3755 1276 3825 Πελοποννήσου

153 3836 290 3911 ἐγένοντο
315 3837 481 3913 Ιἐγκρατεῖς.
523 3835 638 3898 Πίνδος
664 3835 700 3892 δὲ
736 3831 1009 3910 Περρεύοιαςιόρος.
1038 3834 1276 3909 -Τυοδαριδοῖν

151 3913 295 3993 γείτονες]
317 3916 372 3973 ἔδει
389 3913 518 3972 σύνοικα
532 3915 637 3973 εἰπεῖν.
657 3915 738 3974 άλλά
753 3910 870 3990 ῥητέον,
886 3905 936 3968 ὅτι
952 3915 1094 3990 ἱστοροῦσι
1111 3909 1192 3973 τινές
1208 3913 1275 3974 τούς

149 3991 338 4071 Διοσκούρους
353 3993 562 4067 μετῳκηκέναι
573 3995 617 4056 εἰς
634 3997 737 4072 Αργος·
758 3993 881 4065 γεοτνιρῐ
896 3989 928 4048 δέ
944 3991 980 4048 τδ
997 3993 1091 4068 Αργος
1111 3991 1157 4070 τῇ
1178 3991 1277 4050 Λακε-

151 4071 282 4146 δαίμονι.
303 4073 392 4130 Senot
413 4071 616 4147 ”Περραι6ιόις
632 4075 692 4130 alii.
714 4073 746 4130 P.

196 4155 360 4210 lau-136.
380 4152 453 4225 Ζεῦ,
468 4151 603 4226 τέλει-]
625 4151 718 4209 Locus
734 4149 900 4224 impeditus,
912 4153 941 4206 in
955 4167 1012 4225 quo
1022 4149 1275 4226 expediendonec
1287 4151 1354 4210 282,

154 4231 225 4289 olim
251 4228 379 4288 feliciter
393 4238 614 4302 veientanum,
638 4249 695 4288 nec
720 4245 796 4288 nunc
823 4231 895 4286 mihi
924 4225 1276 4302 satisfacio-Conjicere

154 4311 348 4369 licetmuita:
370 4327 473 4368 verum
489 4309 629 4366 hariolari
651 4328 709 4367 non
732 4316 779 4367 est
801 4304 970 4380 emendare,
993 4325 1048 4364 nec
1079 4307 1277 4382 interpretari.

154 4389 274 4447 Herna:
309 4389 522 4447 additamenta.
563 4387 663 4446 Verba
686 4393 729 4447 sic
757 4383 853 4443 suman
868 4389 996 4445 construi
1012 4393 1147 4461 possent:
1168 4385 1232 4442 Ζεῦ
1245 4382 1279 4442 δέ

153 4465 246 4541 τέλει,
260 4469 368 4541 ἔτυμον
383 4465 474 4544 λόγον
486 4465 651 4546 άνθράνοονν
664 4466 724 4529 αἰεὶ
738 4464 903 4544 decepsi-‘stu
918 4465 1064 4537 τοιαύτην
1073 4461 1163 4524 αἶσαν
1176 4463 1279 4528 άστοῖς

150 4543 208 4606 καὶ
220 4547 391 4620 βασιλεῦσιν
399 4548 468 4626 παρ’
484 4544 567 4626 ὕδωρ
579 4545 685 4624 Δμένοι
700 4548 789 4629 [Dor.
803 4563 858 4627 pro
872 4544 1001 4622 Δμένον,
1015 4545 1032 4602 a
1045 4546 1181 4602 nominat
1202 4541 1281 4618 aad·
