3034 5217
395 308 537 368 NOTAE
557 310 603 368 IN
624 305 904 368 THEOCRITUM.
1142 315 1201 374 205
1240 325 1243 331 '

78 433 134 487 nisi
149 430 269 504 legisset
282 447 311 487 v.
326 431 354 487 6.
376 430 488 505 duranto
503 432 616 503 λαλεῖς,
638 433 686 489 eui
710 433 861 506 supposuit
876 433 905 488 in
929 429 980 486 sut
1004 428 1050 487 ed.
1065 419 1202 490 'Bruuoln

79 510 191 565 ὀιιπνῖα
205 510 311 579 φιλεῖς.
334 508 439 564 Vanca.
462 509 584 579 monice,
599 513 674 566 sicut
689 507 741 567 flia
754 510 882 584 Milonis,
897 507 980 584 ldyll.
996 527 1024 568 x.
1045 511 1092 568 38.
1115 508 1202 568 Wes-

78 604 145 642 rou.
167 585 182 637 '.'
190 585 317 659 γελαέις,
333 587 415 643 Edin.
432 588 698 662 513,ρεολαλεέις.
720 587 752 644 Ρ.

120 669 149 721 9.
170 662 287 722 Χειλειί
313 683 359 720 τοι
382 665 536 740 νοσέοντα]
558 665 653 723 Lutra
667 666 720 723 tibi
740 677 801 725 arent
825 667 908 724 velut
930 664 1202 744 oegroto.“1'olius

78 743 240 800 “roomo
254 759 308 816 pro
323 747 434 800 νοσοῦσι
448 743 650 801 sumendum.”
679 742 718 802 T.
733 741 952 803 Youue-tvar*
967 761 1024 800 non
1038 745 1131 802 solnm
1146 761 1202 820 pro

79 819 157 893 ἐστὶ,
171 823 222 878 sed
237 825 326 877 etiam
342 840 396 896 pro
410 821 474 881 εἰσί.
859 827 871 860 s

125 905 171 970 ta,
189 905 231 956 13.
252 899 411 976 -σννεχὲς
426 895 508 960 εἷσεν
522 899 646 960 Xuiros
661 901 877 977 pvldmdotom]
901 901 995 973 Haeo,
1018 899 1202 960 distinetione

79 977 203 1048 sublati,
217 981 260 1034 sio
271 977 420 1052 jungenda
434 979 661 1037 videbantur'ad
676 988 805 1036 mentem
821 979 1046 1037 Hemsterhusii.
1088 981 1120 1046 ln
1135 979 1201 1036 edd.

80 1055 236 1130 legebatur
249 1055 404 1128 μιθίζασα·
420 1059 448 1114 iu
465 1059 514 1116 itta
529 1057 565 1112 W
568 1062 716 1129 inter-toni,
724 1057 902 1130 μνθισὸοισα·
922 1055 1092 1131 μυχθίζοισα
1105 1075 1203 1115 emen-

80 1134 185 1191 darunt
195 1134 233 1191 Τ.
246 1134 357 1192 Hemst.
379 1135 514 1212 Toupius
526 1143 556 1192 et
568 1136 719 1193 Reislrius:
741 1137 804 1213 ejus
813 1137 878 1196 loco
889 1139 992 1212 scripsi
1001 1137 1201 1213 pollicitatores.

79 1212 280 1270 Vincamus
309 1214 426 1272 odducto
440 1214 1202 1293 naso,vetetiam,eecmsopernaraspirttoirridem‚
1232 1209 1237 1220 '
1285 1257 1289 1266 ,

80 1291 227 1349 πιαινιῗναιιι
240 1293 323 1348 nardo
336 1311 480 1350 munnere.
504 1293 627 1350 Hamas.
647 1289 753 1370 -τρίς
769 1295 810 1357 εἰς
827 1295 875 1352 ἑιλν
890 1294 997 1352 ἔπαυσε
1023 1293 1146 1366 κόλπον,
1171 1299 1203 1350 ut

80 1368 182 1426 facere
196 1371 328 1427 solebant
347 1375 541 1447 superstitiosi
563 1370 748 1444 ’μαινόμενόν
773 1392 807 1431 τε
831 1371 950 1435 ἰδόντες
978 1372 998 1444 ἢ
1023 1371 1202 1448 ἐπίληπτον,
1290 1375 1313 1435 u‘
1405 1415 1411 1432 .

81 1453 158 1505 teste
173 1447 312 1525 Theoph.
327 1450 416 1507 Char.
434 1455 477 1508 16.
493 1448 581 1507 ''Vol
598 1452 618 1506 l.
634 1451 713 1528 adp.
729 1456 797 1509 327.
812 1471 839 1509 n.
856 1458 883 1508 4.
898 1451 926 1507 h.
943 1469 990 1528 op.

125 1533 169 1584 14.
189 1525 286 1583 -aotl
302 1547 333 1584 at
352 1531 468 1606 σεσαρός
490 1527 555 1587 Καὶ
578 1527 702 1607 σνόαρόν
725 1530 756 1604 μ’
776 1529 936 1606 tyllam]
958 1539 982 1587 et
1006 1527 1203 1606 quodammodo

80 1605 278 1683 fastidiosius
291 1607 401 1686 superbi
414 1629 456 1664 me
471 1608 570 1666 irrisit.
590 1611 717 1686 dedecoris,
742 1609 815 1667 Dor.
838 1629 892 1686 pro
915 1607 1042 1686 σεσηρσς,
1067 1615 1111 1665 est
1125 1603 1201 1683 perf.

81 1693 158 1819 part.
173 1684 276 1742 meda
295 1685 395 1764 σαίρω,
418 1707 507 1761 verro,
523 1686 657 1745 orso—a
681 1689 853 1764 quibusdam
875 1687 1015 1762 redditur,
1040 1697 1133 1768 operto
1156 1704 1203 1744 ors

104 1783 168 1820 aare.

124 1847 170 1899 23.
189 1841 345 1920 -σέλινα]
365 1843 442 1901 Vide
456 1843 544 1919 supri
559 1844 595 1901 ad
609 1845 692 1920 ldyll.
708 1847 750 1918 iti,
766 1849 812 1904 23.
827 1863 856 1922 p.
872 1849 938 1902 997.

125 1925 169 1978 28.
189 1922 358 1999 -σελριγνι]
380 1923 454 1980 Vide
470 1923 558 1998 supra
572 1923 608 1979 ad
623 1923 707 2000 ldyll.
722 1926 787 1997 viti,
806 1929 850 1982 18.
865 1925 968 1996 αὐλός,
983 1923 1052 1982 titia
1064 1925 1202 1998 .·,δώναξ,
1213 1928 1276 1984 246·

82 1995 210 2058 arundo:
230 1999 423 2076 πλαγιανλος,
437 2002 560 2080 “fistulu
577 2000 696 2079 obliquo,
711 2003 802 2062 tibiae
826 2021 929 2080 genus,
954 2022 1029 2080 quae
1052 2001 1142 2060 fiebat
1162 2019 1202 2060 ex

83 2080 183 2153 ιιΙολο,
196 2086 228 2136 et
252 2081 395 2156 Apollinis
420 2084 580 2152 inventum,
594 2089 670 2139 teste
692 2081 797 2156 Bione,·
813 2085 854 2156 iii,
869 2081 919 2140 7.”
941 2081 1066 2140 liranus.
1090 2079 1106 2106 ‘'
1116 2082 1202 2140 Panis

85 2162 245 2231 inventum,
267 2159 342 2216 inl'ra
363 2178 391 2237 p.
413 2164 480 2217 251.
501 2159 534 2216 P.
565 2160 794 2218 Fabricabautur
808 2163 909 2234 tibiae,
924 2161 1083 2219 secundum
1106 2161 1202 2218 Pollu·

83 2256 160 2310 cem,
167 2256 205 2296 ex
215 2239 455 2311 arundine,aere‚
463 2240 534 2312 loto,
543 2237 631 2313 buxo,
639 2257 740 2311 cornu,
749 2258 813 2298 osse
822 2244 916 2312 cervi,
926 2239 1016 2297 lauro.
1031 2237 1201 2308 Verisimile

83 2323 129 2376 est
142 2317 275 2374 diversae
290 2317 491 2392 magnitudinis
505 2334 541 2376 ac
554 2315 665 2376 formae
681 2316 770 2376 luisse
786 2337 846 2393 eas,
875 2337 929 2376 uae
939 2317 955 2374 ὲ
967 2318 1057 2396 ligno,
1069 2335 1202 2394 quaeque

84 2415 122 2453 ex
133 2396 270 2462 arundine
280 2395 403 2453 fiebant:
418 2396 487 2454 hinc
498 2397 780 2472 opponunturodldc
793 2406 824 2456 et
833 2399 939 2470 σωναξ·
954 2395 1134 2474 νιλαγιαυλος
1143 2397 1203 2454 col·

83 2476 144 2533 lum
172 2476 209 2533 ad
229 2477 303 2532 latus
323 2472 432 2534 flexum
453 2476 592 2549 habebat,
615 2476 779 2551 cujusmodi
806 2475 927 2534 subinde
951 2479 979 2533 in
1008 2479 1202 2534 monumentis

83 2571 209 2612 cernere
225 2555 304 2612 lieet:
325 2552 467 2612 foramina
482 2561 566 2612 erant
580 2558 609 2613 iu
622 2558 704 2613 initio
714 2563 848 2633 quatuor,
859 2562 963 2631 postea
973 2556 1076 2631 plura3
1098 2555 1203 2614 horum

82 2636 155 2690 sitos
163 2632 296 2690 diversus
307 2633 508 2691 diversitatem
519 2637 700 2692 instrumenti
711 2641 799 2712 atque
810 2638 933 2693 nominis
943 2633 1063 2692 efficere
1076 2637 1201 2710 poterat
1266 2695 1275 2712 ,

83 2712 175 2769 Erant
188 2719 286 2770 autem
301 2713 438 2787 γλῶσσαι,
452 2729 505 2769 seu
521 2713 650 2790 lingulae,
665 2715 889 2783 arundiuaceae,
906 2713 1094 2790 longitudinis
1105 2713 1205 2782 manis

81 2791 172 2863 latae,
187 2789 288 2848 fissura
302 2793 418 2865 saepius
434 2795 602 2865 instructae,
627 2793 785 2850 secundum
808 2791 1010 2868 Theophrasti
1031 2791 1204 2866 descriptio·

81 2888 161 2943 nem,
172 2888 258 2945 quam
271 2869 379 2928 Plinius
390 2870 513 2945 pessime
524 2875 670 2948 corrupit:
690 2889 743 2928 usu
754 2870 841 2930 facile
852 2869 1064 2928 exoleseebant
1075 2889 1083 2939 ;
1104 2885 1203 2944 quam·
1278 2929 1288 2944 ,

81 2950 187 3006 obrem
212 2949 347 3007 accurate
368 2953 396 3006 in
417 2949 642 3024 ylmaroaopslp
662 2951 863 3011 servabantur.
904 2949 992 3022 Hine,
1017 2955 1050 3006 et
1077 2946 1202 3022 aliunde,

79 3032 153 3085 satis
178 3025 260 3102 patet
282 3029 377 3101 tibias,
402 3029 506 3087 saltem
530 3030 678 3104 vulgares,
698 3031 796 3086 neutri
821 3028 964 3086 hodierno
975 3025 1072 3107 fiunto
1092 3027 1202 3084 similes

79 3105 192 3165 luisse:
214 3111 336 3182 propius
350 3115 447 3164 antem
462 3108 550 3164 adea
572 3111 764 3166 instrumenta
788 3111 956 3180 accessisse,
971 3124 1047 3184 quae
1070 3105 1151 3200 λοὸαιι
1172 3110 1211 3176 et,

78 3185 229 3243 clorimtto
243 3186 447 3260 appellantnr3
468 3187 544 3261 quod
558 3188 788 3246 celeberrimum
809 3186 968 3246 Bumeium
984 3186 1102 3244 latuisse
1123 3184 1204 3242 vide·
1252 3230 1255 3242 ,
1281 3221 1284 3228 -

78 3272 140 3322 tur.
183 3265 343 3339 Longitudo
356 3283 458 3322 earum
473 3274 505 3322 et
519 3265 595 3324 infra
608 3267 745 3342 pedalem
761 3273 791 3322 et
808 3263 898 3341 supra*
918 3265 1089 3342 bipedalem
1114 3261 1202 3322 fuisse

78 3343 211 3416 videtur,
225 3347 321 3420 itaque
336 3344 560 3402 intervallorum
573 3349 682 3402 seriem
692 3347 761 3402 satis
773 3347 899 3421 amplam
913 3345 1061 3422 praebere
1076 3349 1202 3420 poterat.

77 3420 122 3479 Τ.
139 3421 248 3479 Yonuo.
269 3420 288 3443 ‘'
299 3422 394 3498 Supra
407 3442 436 3498 p.
452 3428 518 3480 230.
844 3435 848 3443 “

122 3505 172 3557 31.
192 3503 250 3559 -ci
265 3502 293 3558 ιλ*
304 3503 427 3559 α’στνκα
441 3503 493 3560 οὐκ
516 3500 679 3578 telludem]
706 3501 859 3579 'Dubitant
876 3503 984 3572 critici,
1008 3503 1083 3558 sitne
1108 3502 1204 3574 singu-

76 3580 164 3650 toris,
179 3599 214 3637 au
228 3581 351 3657 pluralis
365 3580 407 3636 soi
428 3582 456 3638 δ*
473 3581 601 3655 durand,
623 3589 656 3639 ut
677 3581 867 3640 subaudiatur
882 3577 1014 3656 nopotem,
1027 3580 1079 3638 lte.
1100 3577 1209 3654 slepe,

76 3661 148 3717 vult
162 3657 271 3732 χείλεα.
293 3661 432 3717 Waaaou.

121 3741 171 3795 39.
193 3735 333 3809 Λάτμιον
355 3738 507 3815 dardane]
528 3737 684 3814 Conjtrnxit
706 3735 947 3795 Hemsterhnsius
967 3733 1042 3792 male
1064 3735 1204 3796 distracta

76 3821 110 3874 in
137 3815 205 3872 edd.
228 3815 271 3872 αἲν
295 3816 397 3879 ναὶιιας.
420 3815 576 3895 [α’ννᾰνιας,
600 3821 618 3874 1.
640 3837 667 3875 e.
689 3819 750 3874 drot
774 3813 891 3911 νάκος.)
911 3812 1204 3877 -εἰαὲνα-Ρλασελ
1317 3877 1328 3900 fl

75 3895 158 3952 mihi
186 3896 303 3970 quidem
333 3897 449 3955 Heinsii
473 3899 617 3954 correctio
641 3896 776 3973 legentis,
800 3894 841 3958 εἰς
864 3913 932 3968 αμα
956 3889 1043 3952 παιδὶ
1069 3891 1202 3954 κάθευδε.

75 3974 192 4030 Vener.
211 3973 323 4034 ''-urtd
336 3995 437 4034 cnm-
450 3974 481 4030 Ρ.
602 4029 607 4037 .

122 4059 172 4109 40.
192 4055 288 4111 -αόν
303 4052 458 4132 pandion]
484 4052 630 4110 Bubulcus
644 4053 692 4110 hic
706 4057 884 4111 memoratus
908 4047 964 4110 suit
984 4050 1062 4128 Atys,
1084 4051 1121 4108 de
1145 4067 1203 4126 quo

76 4135 256 4206 superstitio
270 4133 401 4191 diversas
415 4135 523 4208 sparsit
537 4129 657 4189 fabulas.
679 4131 805 4190 Hennes.
969 4145 982 4162 ³

121 4216 173 4267 41.
193 4210 441 4285 -ἐιιλιίγχθνΜ
465 4211 538 4268 Vide
552 4211 641 4284 supra
664 4212 701 4268 ad
721 4211 775 4268 0d.
797 4232 828 4284 α,
851 4214 879 4268 2.
899 4210 989 4288 lipare,
1010 4227 1066 4286 pro
1087 4209 1203 4286 vulgari

75 4291 187 4361 allode,
201 4297 248 4346 est
262 4290 329 4347 leet.
345 4291 478 4346 Vaticani
493 4287 789 4365 codicis—tanquam
803 4288 867 4347 oles.

123 4373 174 4424 44.
195 4366 322 4439 Μηκέτι
336 4365 411 4442 μηδὲ
426 4366 514 4444 orl-J
535 4367 567 4425 ln
582 4367 627 4426 his
642 4369 775 4426 versibus
790 4369 892 4426 allusio
907 4373 953 4424 est
974 4366 1010 4424 ad
1031 4365 1158 4424 Veneris
1172 4369 1203 4424 et

77 4447 224 4503 Adonidis
238 4465 363 4519 amores,
378 4454 409 4504 et
421 4445 504 4519 μήτε
519 4448 672 4521 ναῖ’ἄσαν
683 4446 904 4522 intelligendum
917 4447 953 4504 de
969 4443 1107 4503 Adonidis
1117 4442 1201 4502 sesto.

74 4521 154 4582 Noa
168 4524 271 4603 itaque,
289 4525 387 4599 Venus,
412 4525 518 4584 dulcem
542 4535 616 4584 trum
639 4525 782 4584 Amulium
806 4525 922 4584 oscultre
946 4523 1079 4603 amplios,
1099 4541 1149 4581 nec
1169 4522 1202 4580 e'n
