3034 5217
171 340 217 415 12
589 359 769 422 αςοαςκτκ
790 358 952 411 nmen.

168 503 304 585 Πολλά
318 502 414 603 μόλ’,
431 501 523 579 ὅσοι
541 503 636 577 ἔοικε
654 502 763 602 φίλης
780 502 840 576 ἐπὶ
856 500 985 579 παιδός
1001 498 1160 599 έπεσδφ

168 630 242 703 Σοὶ
260 628 294 703 δ’
312 628 409 729 αύτῷ
425 628 579 705 πνκινιῖς
598 622 839 727 ὑποθήσομαι,
855 628 902 701 αἴ
914 653 956 699 κε
973 624 1114 724 πίθηαι·

169 754 245 855 Νῆ’
264 754 375 851 ἄρσας
393 751 554 851 ἐρέτῃσιν
571 751 735 841 ἐείκοσιν,
751 750 827 851 ἥτις
844 750 983 850 ἀρίστη,
1250 752 1327 825 280

169 882 292 975 Ερχεο
310 876 524 975 πευσόμενος
542 876 677 974 πατρός
695 877 992 977 δήνοίχομένοιο·

171 1006 234 1077 Ην
250 1002 303 1079 τίς
311 1029 376 1075 ,τοι
392 1004 514 1097 εἴπῃσι
528 1000 681 1099 βροτόν,
697 999 721 1102 ἢ
737 1000 850 1076 ὄσσαν
867 1002 1024 1099 ἀκούσης

122 1168 128 1181 1
169 1130 231 1204 Ex
249 1106 345 1217 Διὸς,
361 1126 422 1228 ἥτε
438 1126 597 1224 μάλιστα
613 1124 715 1225 φέρει
732 1125 837 1203 κλέος
854 1125 1083 1226 ἀνδρόποισι.

92 1300 106 1319 τ
170 1252 306 1350 Πρῶτα
321 1252 387 1350 μέν
404 1253 439 1328 ἐς
457 1251 588 1325 Πύλον
605 1249 698 1341 ἐλθέ,
714 1252 779 1325 καί
795 1253 889 1349 εἴρεο
905 1250 1077 1349 Νέστορα
1092 1256 1181 1327 δῖον·

170 1378 305 1449 Κεῖθεν
323 1374 360 1447 δέ
377 1373 597 1473 Σπάρτηνδε
614 1374 717 1471 παρά
732 1374 868 1465 ξανθόν
884 1376 1095 1451 Μενέλαον·
1251 1376 1325 1447 285

165 1500 232 1575 ‘Os
248 1500 320 1597 γάρ
338 1496 506 1575 δεύτατος
523 1496 635 1599 ἦλθεν
650 1501 805 1597 Λχαιόν
817 1500 1107 1597 χαλκοχιτώνων.

170 1626 225 1697 Εἰ
237 1622 305 1721 μέν
322 1652 385 1697 κεν
402 1624 538 1720 πατρός
553 1623 682 1716 βίοτον
699 1625 764 1700 καὶ
780 1623 908 1699 νόστον
924 1623 1093 1722 ἀκούσης,

172 1751 219 1823 Η
223 1747 257 1822 τ’
276 1748 333 1838 ἀν,
348 1748 563 1847 τρυχόμενός
580 1774 658 1845 περ,
675 1750 727 1833 ἔτι
743 1750 871 1850 τλαίης
888 1750 1064 1824 ἐνιαυτόν.

171 1874 225 1945 Εἰ
240 1870 278 1947 δέ
295 1899 335 1947 κε
352 1872 555 1949 τεθνειύτος
572 1872 742 1969 ἀκούσης,
757 1873 844 1974 μηδ’
861 1873 907 1948 ἔτ’
925 1874 1056 1964 ε’όντος,

43 2060 48 2068 .
155 1996 363 2097 ’Νοστήσας
380 1996 426 2097 δή
443 1998 568 2073 ἔπειτα
584 1997 699 2096 φίλην
716 1998 750 2073 ἐς
767 1997 927 2095 πατρίδα
942 2009 1069 2095 γαῖαν,
1254 2003 1329 2075 290

171 2120 286 2221 Σῆμοί
301 2119 339 2195 τέ
357 2122 393 2194 οἱ
404 2110 548 2218 χεύοαι,
564 2122 627 2195 καὶ
644 2098 850 2218 έπὶκτέρεα
867 2120 1044 2220 κτερεΐξαι
1077 2118 1080 2125 ’

171 2246 306 2320 Πολλοὶ
321 2246 416 2343 μάλ’,
433 2244 523 2321 ὅσσα
539 2246 645 2319 ἔοικε·
671 2248 734 2321 καὶ
752 2246 853 2344 ἀνέρι
867 2248 1007 2349 μητέρα
1023 2250 1163 2325 δοῦναι.

170 2368 303 2467 Λύτάρ
321 2369 412 2469 έπήν
429 2369 475 2469 δὴ
490 2369 609 2443 ταῦτα
626 2369 839 2469 τελευτήσῃς
855 2398 893 2446 τε
910 2374 975 2447 καί
991 2374 1106 2471 έρξης,

174 2492 378 2589 Φράζεσθαι
394 2493 440 2593 δη
458 2494 582 2569 ἔπειτα
599 2494 696 2593 κατά
712 2493 832 2594 φρένα
848 2497 913 2571 καὶ
929 2498 1027 2572 κατά
1041 2498 1174 2597 θυμόν,

167 2616 317 2693 Ὀππος
335 2644 375 2691 κε
390 2618 596 2717 μνηστῆρας
614 2620 667 2693 ἔνι’
682 2618 871 2717 μεγάροισι
887 2632 997 2697 τεοῖσι
1246 2627 1329 2698 ’295

173 2742 339 2837 Κτείνης,
356 2740 396 2843 ἠέ
413 2740 514 2843 δόλῳ,
531 2740 554 2843 ἢ
572 2742 752 2841 ἀμφαδόν·
779 2744 863 2819 οὐδέ
879 2747 916 2819 τί
930 2770 969 2821 σε
980 2746 1056 2848 χρη

172 2867 345 2969 Νηπιοίας
363 2864 489 2963 ὀχέειν,
505 2866 582 2941 ἐπεὶ
599 2867 667 2941 οὐκ
686 2870 737 2943 ἔτι
753 2870 900 2969 τηλίκος
916 2871 1001 2945 ἐσσί,

174 2996 220 3067 Η
231 2993 298 3067 οὐκ
317 2992 415 3081 ἀΐεις,
433 2992 514 3065 οἷον
530 2990 634 3069 κλέος
652 2995 785 3089 ἔλλοιόε
803 3000 877 3073 δῖος
898 2996 1057 3097 Ορέστης
1132 3014 1137 3022 ’

172 3117 324 3193 Πόντος
341 3115 395 3190 ἐπ’
413 3114 635 3213 ἀνθρώπους,
652 3118 728 3193 ε’πεί
745 3121 875 3195 ἔκτανε
892 3122 1146 3223 πατροφονῆα,

170 3246 353 3351 Αἴγισθον
370 3240 573 3343 δολόμητιν,
589 3242 626 3321 ὅς
644 3244 680 3317 οἱ
696 3244 837 3343 πατέρα
854 3246 989 3319 κλυτόν
1005 3248 1119 3340 ἔκτας
1252 3255 1329 3325 300
1430 3324 1434 3331 ,

172 3370 251 3443 Καὶ
268 3367 325 3458 σύ,
341 3366 459 3466 φίλος,
475 3354 599 3465 -μιίλα
614 3367 687 3466 γάρ
705 3368 735 3442 σ’
751 3368 840 3465 ὁρόω
857 3370 977 3443 καλόν
992 3398 1031 3444 τε
1046 3370 1165 3468 μέγαν
1180 3398 1251 3462 τε,-
1314 3420 1320 3429 ,

169 3490 335 3593 Λλκιμος
353 3492 433 3583 έσύ,
449 3494 512 3568 ἵνα
528 3495 580 3573 τίς
598 3519 635 3569 σε
653 3495 717 3569 καὶ
733 3492 916 3593 ὀψιγόνων
932 3493 975 3570 εὖ
990 3497 1086 3592 εἴπη.

169 3619 301 3717 Λύτάρ
319 3618 409 3714 έγιόν
426 3618 485 3693 ε’πί
501 3619 575 3717 νῆα
592 3618 690 3718 θοήν
707 3618 971 3716 κατελεύσομαι
988 3618 1067 3721 ἤδη,

171 3742 246 3817 Ηδ
264 3741 423 3839 έτάρονς,
441 3742 479 3817 οἷ’
492 3756 561 3817 ποί
579 3769 625 3841 με
640 3741 723 3839 μόλ’
742 3741 947 3838 ἀσχαλόωσι
961 3743 1138 3842 μένοντες.

168 3869 243 3942 Σοὶ
261 3868 293 3941 δ’
311 3868 409 3970 αὐτῷ
423 3867 570 3969 μελέτα,
585 3868 649 3941 καὶ
666 3866 758 3965 έμάν
775 3867 927 3966 ἐμπάζεο
942 3869 1076 3965 μύθων.
1249 3874 1324 3949 305

222 3993 301 4094 Τήν
318 3992 351 4065 δ’
370 3990 421 4070 αὖ
442 3989 655 4091 Τηλέμαχος
672 3990 895 4086 πεπνυμένος
911 3990 1035 4066 ἀντίον
1050 3991 1157 4090 ηὔδα·

172 4118 277 4209 Ξεῖύ,
295 4114 373 4221 ἦτοι
388 4115 455 4216 μὲν
471 4116 590 4190 ταῦτα
607 4116 701 4214 φίλα
718 4114 882 4212 φρονέων
899 4113 1091 4211 ἀγορεύεις,

162 4244 277 4318 Ὥστε
295 4240 415 4342 πατήρ
433 4236 459 4343 ᾧ
475 4241 588 4329 παιδὶ,
604 4242 669 4313 καὶ
686 4238 817 4313 οὔποτε
834 4238 993 4339 λη’σσμαι
1010 4240 1137 4315 αύτάκ.

167 4365 262 4441 Αλλ’
280 4366 344 4460 ἀγε
361 4366 429 4439 νῦν
446 4365 641 4463 ἐπίμεινον,
658 4361 885 4459 ἐπειγόμενός
902 4389 968 4460 περ
984 4361 1092 4451 ὁδοῖο,

169 4492 282 4595 Οφρα
297 4486 869 4608 λοεσσάμενόςτεφτεταρπόμενός
884 4516 922 4563 τε
939 4489 1050 4587 φίλον
1065 4485 1146 4585 κῆρ,
1245 4492 1320 4563 310
