3034 5217
405 279 548 344 NOTAE
569 283 615 343 IN
636 283 934 346 EPIGRAMMATA.
1171 291 1230 353 289

1002 455 1226 510 ι-ύ-Ι-...ΤΜ

147 574 337 647 Lucrum-t,
354 577 379 633 1.
402 571 489 634 Πανὶ
503 573 746 651 φιλοσπήλυγγι,]
768 575 800 632 ln
825 575 958 634 Marcum
972 584 1154 652 venatorem,
1169 583 1229 656 qui,
1240 587 1307 641 334.

103 656 187 713 unilt
200 656 308 730 praedt
324 656 418 730 capti,
435 657 512 730 ipsos
526 671 615 711 canes
630 655 702 712 Pani
717 660 748 712 et
763 655 912 731 Nymphis
936 673 1089 731 suspensos
1113 659 1230 716 dedica·
1380 667 1381 672 ’

104 737 158 792 vit.
178 733 405 809 φιλοσπήλυγγι,
420 733 541 792 onrnton'
555 753 744 792 ravennorum.
764 733 974 812 ούρεοφοιτοῖσι,
990 735 1231 870 {repnentantibm
1256 757 1259 764 ·

103 824 215 870 mater.
235 810 416 885 συοφόντισι,
432 811 527 890 quibus
541 812 606 891 apri
620 812 842 890 interfectarum.
865 813 948 872 idern.
968 812 983 836 '¹
1007 817 1088 890 νόον,
1102 817 1130 874 iu
1145 823 1230 874 antro

102 901 186 968 puta.
207 892 320 950 Jacoes.
339 889 557 969 Ἀμαδρωίδις,
569 887 637 965 ἅμα
651 890 761 969 δρυσίν.
785 891 816 949 Ρ.

145 1048 183 1121 ΙΙ,
201 1054 225 1106 l.
243 1049 375 1123 Ῥύγχος
391 1047 523 1125 ἔχων-]
548 1047 615 1105 Tale
629 1067 711 1125 quum
731 1059 851 1108 rostrum
873 1049 962 1124 tato,
983 1053 1035 1109 dre.
1051 1051 1136 1128 Angl.
1156 1050 1230 1112 Witt

101 1128 170 1184 suet
184 1148 203 1186 a
216 1137 294 1185 mout
310 1129 422 1200 anthat,
437 1127 473 1184 do
486 1140 533 1185 not
548 1127 611 1185 thou
622 1148 671 1205 go,
685 1129 737 1184 dac.
961 1165 965 1175 ·

144 1211 172 1263 3.
193 1209 269 1269 -oir
285 1204 478 1284 Νάρκισσος,]
499 1206 549 1264 De
571 1206 711 1263 Narcisso
732 1207 801 1264 ride
826 1205 902 1265 Coll.
927 1207 978 1264 Gr.
999 1207 1070 1265 Min.
1086 1209 1165 1285 adp.
1181 1213 1229 1267 30.

101 1303 131 1341 n.
149 1291 196 1342 22.
238 1285 462 1361 Lepidissimum
476 1286 595 1362 quidem
609 1289 706 1360 epigr.
748 1283 904 1347 Narcissus
918 1305 950 1344 se
973 1289 1005 1360 in
1021 1285 1100 1344 fonte
1115 1291 1230 1362 conspi-

102 1369 188 1421 catus
202 1370 332 1421 mortuus
346 1367 410 1422 esti
430 1370 461 1421 tu
477 1382 604 1440 quoqne,
614 1367 639 1421 si
651 1364 730 1422 idem
744 1361 828 1438 sacis,
839 1368 985 1439 morieris,
1000 1365 1053 1424 sed
1064 1367 1101 1424 ob
1112 1383 1229 1424 causam

102 1448 167 1500 toto
181 1443 267 1500 coeto
283 1440 476 1527 differentem.
707 1440 708 1448 ’

140 1598 157 1619 ”
167 1600 217 1673 ΙΙΙ,
234 1604 259 1656 l.
283 1599 344 1662 Τοῖς
357 1597 489 1677 τρίχας,]
501 1599 607 1658 Crines
617 1618 674 1658 non
686 1601 795 1660 tinxisti
807 1601 935 1677 quidem,
946 1600 998 1658 sed
1008 1601 1106 1676 nigros
1121 1604 1227 1674 emisti.

100 1677 232 1754 rupiano,
245 1697 311 1749 -ao,
324 1698 379 1751 -ω,
394 1677 511 1754 imperf.
525 1683 601 1736 sieut
615 1697 676 1737 aor.
695 1686 719 1738 1.
735 1681 810 1738 med.
856 1681 929 1738 Vide
951 1697 1040 1757 supra
1054 1698 1083 1757 p.
1112 1685 1175 1740 133.
1199 1699 1227 1738 r.
1335 1743 1338 1748 ,

100 1761 172 1815 658.
193 1757 313 1816 daweus
329 1763 361 1814 et
374 1757 438 1814 Vot.
456 1758 476 1814 t.
492 1776 521 1834 p.
539 1762 604 1815 106.
620 1759 639 1814 t.
654 1764 701 1816 24.
722 1757 827 1824 ἐδύνω.
850 1758 881 1817 Ρ.
989 1761 991 1770 ’

142 1911 194 1989 lv,
212 1919 236 1972 1.
257 1916 313 1973 -d
329 1913 520 2049 πλεκτὰς-Ἰ
539 1913 667 1974 Medicus
680 1914 796 1974 Marcus
818 1916 879 1973 beri
903 1914 999 2051 tetigit,
1019 1915 1158 1994 lapideum
1177 1913 1228 1971 Jo-

100 2015 174 2068 υιπι,
190 2005 214 2052 et
228 1993 352 2073 pedronis
367 1994 441 2073 lapis
454 2004 479 2051 rt
518 1994 671 2071 epiterest,
691 1995 770 2052 bodie
785 1995 904 2076 effertur.
972 1996 1131 2054 ontumelia
1146 2009 1228 2051 acer·

100 2075 141 2132 ba
156 2078 185 2132 iu
199 2075 291 2131 matos
305 2073 443 2132 Medicos.
464 2070 480 2092 '‘
489 2073 620 2148 Nempe,
636 2074 757 2149 Jupiter
780 2082 911 2132 mortuus
935 2071 1060 2132 effertur
1081 2075 1228 2148 sepelien-

102 2154 165 2211 dus.
200 2152 287 2226 Infra,
311 2152 359 2209 IX.
414 2151 548 2233 Magnos,
583 2152 972 2212 medicus-renasciturum
996 2153 1079 2210 etium
1098 2163 1227 2211 mortuos.

100 2232 179 2289 Vide
194 2231 243 2288 Br.
258 2235 328 2289 Ana.
345 2231 383 2288 T.
395 2234 423 2289 ii.
438 2251 466 2308 p.
477 2238 544 2290 304.
554 2233 604 2288 ubi
614 2231 738 2308 Magnus
749 2232 882 2291 Medicus
894 2233 964 2291 talia
974 2231 1044 2306 dicit
1054 2231 1091 2290 de
1102 2230 1227 2305 Galeno,

101 2310 167 2369 soit.
183 2315 267 2369 viros
282 2311 440 2368 detinuisse
457 2312 494 2369 ab
507 2310 687 2369 Acheronte.
709 2309 740 2367 P.
887 2379 891 2388 Ι
1145 2357 1147 2361 .
1222 2326 1227 2337 ’
1278 2348 1281 2356 ‚

134 2555 349 2636 *emani-1.
373 2555 632 2635 Odrdts'yerv-]
673 2558 784 2615 Auctor
809 2557 867 2614 hoo
891 2559 1104 2634 epigrammate
1129 2559 1226 2632 carpit
1238 2557 1305 2614 ³35.

102 2643 134 2694 et
151 2636 266 2693 deridet
280 2635 424 2711 quendam
440 2637 652 2708 rhetorculum‚
668 2637 763 2694 verba
778 2639 925 2708 inusitata,
941 2637 1066 2694 obscure
1088 2641 1120 2692 et
1144 2636 1227 2693 obso-

101 2715 166 2773 leta
180 2713 377 2788 affectantem,
393 2715 493 2772 dicens
507 2714 583 2771 hano
598 2733 654 2771 non
671 2733 775 2774 reram
790 2733 855 2772 esse
870 2718 1014 2772 rationem
1025 2714 1227 2784 declamandi;
1320 2747 1327 2754 -
1379 2761 1382 2768 .

77 2794 157 2866 *sed
182 2801 321 2870 oportere
347 2799 476 2852 mentem
499 2794 597 2851 verbis
621 2793 779 2870 subjicere,
794 2799 826 2850 et
850 2794 969 2868 phrasin
997 2795 1229 2848 communiorem

102 2871 216 2945 facere,
231 2880 351 2950 atquae
368 2873 446 2930 dieat
460 2873 496 2929 ab
512 2871 693 2929 audientibus
709 2872 917 2947 intelligantur.
959 2871 990 2928 N
992 2887 1039 2926 am
1053 2867 1228 2946 παράσημα,

102 2970 161 3009 non
175 2952 302 3030 insignio
317 2951 373 3008 hoc
389 2952 455 3008 loeo
469 2949 553 3008 verbo
569 2950 759 3035 inteiligeuda
779 2956 855 3022 sunt,
870 2949 922 3006 sed
945 2957 1098 3006 ammirosn
1121 2945 1228 3025 potiris,

102 3037 136 3089 et
150 3031 256 3109 ignota,
270 3036 302 3088 et
317 3030 334 3087 a
347 3031 516 3106 quotidiano
530 3047 667 3086 sermone
683 3029 879 3086 abhorrentia.
902 3029 1074 3112 Ousoroaus.

145 3115 172 3167 2.
187 3110 387 3186 -μελετᾷνΊ
409 3108 581 3186 Hujusmodi
606 3107 764 3165 infinitiros
778 3111 841 3164 sine
856 3126 867 3163 ι
882 3108 1044 3182 subscripto
1067 3104 1154 3163 scribi
1177 3122 1228 3163 ro·

102 3191 168 3247 lunt
181 3187 371 3247 Grammatiei
385 3189 513 3264 qnidam,
535 3192 613 3246 inter
627 3194 698 3264 quos
719 3188 821 3245 doctus
845 3185 977 3244 Gallicus
999 3185 1030 3242 N
1032 3203 1078 3243 ov.
1094 3183 1229 3244 Methodi

104 3275 218 3341 auctor,
233 3269 275 3346 [p.
290 3271 357 3325 227.
373 3267 443 3326 edit.
460 3265 551 3325 Paris.
569 3267 668 3345 trba]
690 3270 759 3343 quia
773 3267 910 3345 χρυσοῦν,
930 3284 987 3324 non
1002 3267 1129 3340 χρωοῖν.
1171 3262 1230 3321 Sed

63 3355 74 3374 ·
103 3347 173 3404 libri
188 3363 289 3404 omnes
316 3349 449 3423 impressi
473 3353 577 3403 contra
598 3347 656 3403 hoo
676 3345 797 3404 faciunt.
818 3345 858 3403 Τ.
874 3345 983 3402 Youuo.
1003 3341 1132 3416 εὐζήλως
1146 3343 1230 3414 μελε·

105 3427 181 3501 opio,
195 3433 241 3482 est
244 3425 333 3504 felici
345 3426 465 3484 otiorum
478 3424 634 3484 imitatione
649 3426 811 3482 drotornnre.
838 3422 991 3500 κάρκαιρε,
1003 3421 1134 3494 abradet,
1147 3417 1229 3493 σίζει,

106 3503 258 3583 κελάρυζε,
268 3504 359 3561 verba
370 3512 436 3561 sunt
447 3505 624 3573 Homerioa;
646 3509 677 3559 et
687 3509 833 3577 ponuntur
847 3502 903 3572 hio,
916 3508 947 3559 ut
956 3503 1112 3575 loquuntur
1126 3499 1229 3555 Gram-

104 3585 215 3656 matiei‚
230 3584 432 3641 materialiter.
454 3586 627 3641 Oasoroans.
659 3579 675 3602 ‘'
687 3581 758 3639 Non
782 3577 960 3638 reddenda'‘
994 3579 1060 3638 Hoc
1075 3581 1170 3668 epigr.
1184 3577 1228 3634 aio

106 3666 234 3742 imitatus
252 3667 297 3720 est
312 3661 349 3719 H.
364 3662 505 3721 Grotius:

223 3815 305 3880 Italo
313 3821 471 3899 protuleris
485 3821 513 3879 ri
524 3820 647 3898 quinque
660 3817 809 3878 recondito
821 3815 919 3888 verba,

188 3961 194 3973 ,
263 3901 332 3959 Non
345 3900 408 3960 ideo
416 3901 544 3977 prudens
558 3908 643 3977 alque
657 3900 780 3958 dirutas
794 3898 850 3957 eris
863 3916 873 3952 .·

223 3979 287 4051 Neo
301 3980 388 4038 Maro
402 3981 596 4058 continodfiet
610 3981 662 4056 qui
673 3979 754 4037 dicut
767 3980 867 4052 aquai,

264 4059 310 4119 Et
324 4060 436 4136 cujum,
450 4063 607 4136 quianam,
618 4059 715 4127 forsit,
727 4067 755 4116 et
767 4057 925 4133 indigetes.
980 4107 983 4114 .

224 4138 348 4197 Mentem
355 4142 512 4222 praecipui
520 4141 618 4218 poscit
630 4139 687 4198 sibi
695 4139 832 4217 pagium
853 4133 941 4196 verba

270 4219 370 4288 Talia,
384 4239 457 4297 quoe
464 4222 579 4300 possint
593 4219 697 4297 absque
711 4218 806 4276 labore
819 4215 896 4293 copi.

119 4372 1228 4412 Μ’

148 4503 365 4644 Νιῧηοιιί-Ι-Ι.
396 4505 452 4569 Εἰς
472 4491 640 4643 Ῥόδος-1
680 4501 730 4563 De
754 4501 879 4578 quodam
907 4489 1069 4577 qua'erente
1097 4514 1137 4557 ex
1163 4496 1233 4554 rate

217 4602 264 4644 on.
315 4625 322 4640 .
491 4625 501 4638 .
