3034 5217
272 837 482 916 NOTAE
504 836 977 918 Pfllaoaofflcau

600 1066 656 1124 AD

410 1285 646 1354 EXCERPTA
669 1287 847 1354 LYRICA.

69 1531 1268 1565 mm

431 1686 450 1743 1.
476 1683 619 1746 NOTAE
639 1684 684 1742 IN
705 1684 820 1742 ODAS.

103 1843 237 1921 *Onte.]
257 1841 386 1912 Carmen
401 1862 486 1902 omne
504 1844 630 1901 cantioni
645 1842 831 1919 destinatum,
846 1846 909 1900 sive
935 1843 997 1902 ant
1020 1860 1096 1902 uoce
1121 1845 1185 1900 sive
1200 1845 1266 1901 257.

67 1923 169 1982 fidibus
182 1923 357 2000 ‚conjunctis
384 1917 707 1994 cauendum-Graeci
732 1921 816 1994 ᾠδήν
842 1921 1094 1998 appellant-Est
1123 1921 1187 1980 Ode

67 2005 207 2075 poematis
220 2006 337 2078 species
355 2010 484 2060 omnium
499 2000 625 2068 maxime
649 2003 758 2074 suavis,
783 2007 916 2074 venusta,
941 2002 1072 2078 elegans,
1096 2003 1187 2074 varia,

66 2082 215 2152 sublimis3
236 2098 358 2158 quorum
373 2082 488 2156 singula
502 2078 565 2138 sere
581 2084 611 2138 in
626 2079 740 2163 ordine,
754 2081 896 2162 sepsibus,
920 2081 1105 2155 imaginibus,
1130 2080 1189 2138 dic-

67 2163 155 2233 tione,
166 2164 310 2232 numeris,
324 2167 494 2218 cernuntur.
536 2159 568 2217 ln
582 2175 682 2216 rerum
698 2159 800 2216 ordine
826 2177 860 2216 ac
884 2159 1071 2235 dispositione
1094 2163 1191 2234 posita

67 2247 108 2295 est
122 2243 220 2314 prima
234 2257 269 2296 ac
285 2243 412 2297 maxima
426 2240 544 2315 quidem
568 2238 651 2295 Odae
676 2245 834 2308 venustas3
856 2257 930 2313 quae
956 2257 1022 2316 cum
1048 2235 1189 2296 facillime

66 2321 199 2391 sentitur,
215 2317 385 2376 difficillime
401 2325 499 2376 tamen
515 2317 697 2392 explicatur:
719 2317 776 2374 hoo
791 2321 870 2374 enim
886 2317 976 2376 babet
999 2318 1049 2376 vel
1073 2320 1190 2392 praeci·

67 2414 166 2472 puum,
180 2397 257 2472 quod
270 2400 319 2456 vil
334 2403 365 2455 et
379 2400 549 2472 praeceptis
562 2397 703 2472 certique
719 2399 845 2470 partium
856 2397 1054 2472 descriptione
1068 2395 1188 2454 minime
1296 2443 1300 2452 .

67 2480 240 2534 continetur.
280 2475 423 2534 Estenim
442 2477 530 2548 laeta,
544 2475 648 2547 soluta,
673 2473 787 2544 libera3
810 2479 838 2533 in
864 2475 989 2534 elatiore
1012 2481 1188 2550 argumento

68 2549 206 2630 exultans,
221 2555 326 2628 audax,
341 2560 372 2612 et
386 2571 589 2631 nonnunquam
610 2553 687 2629 pene
709 2551 864 2612 effraenis:
884 2554 936 2612 sed
961 2563 993 2612 et
1014 2553 1063 2612 hic
1086 2557 1188 2628 etiam,

66 2634 237 2710 semperque
252 2634 404 2708 alias,.nisi
418 2651 475 2710 per
489 2639 580 2691 totum
594 2639 701 2708 regnet
713 2633 856 2708 quaedam
866 2631 998 2708 facilitas,
1010 2651 1084 2708 quae
1095 2633 1188 2708 negli·
1292 2613 1302 2642 r

65 2716 180 2788 gentiae
204 2712 353 2789 cujusdam
377 2712 495 2772 minime
517 2711 672 2769 affectatae
695 2717 829 2787 speciem
845 2713 944 2784 habet,
973 2721 1105 2770 naturam
1130 2729 1187 2768 non

67 2799 160 2849 artem
175 2811 247 2868 prae
262 2811 294 2850 se
310 2789 425 2862 serens,
447 2809 580 2869 quaeque
595 2795 730 2848 cernitur
744 2791 870 2852 maxime
893 2794 921 2849 in
942 2793 1064 2850 exordio
1089 2789 1187 2866 obvio,

66 2889 117 2928 nec
131 2874 220 2930 nimis
234 2875 390 2948 exquisito,
401 2874 472 2928 etin
484 2875 576 2946 ipsum
590 2870 766 2945 plerumque
782 2887 845 2926 rem
858 2873 989 2944 protinus
1000 2873 1184 2928 incurrente,

67 2953 93 3005 in
106 2954 186 3009 serie
201 2968 301 3009 rerum
316 2966 372 3027 per
381 2949 541 3026 jucundam
555 2952 731 3009 varietatem
744 2949 891 3009 subtiliter
904 2955 936 3006 et
954 2947 1120 3022 artificiose,
1135 2949 1194 3008 sed·

66 3033 147 3103 quasi
161 3035 274 3105 sponte,
289 3029 429 3098 deducti;
451 3033 480 3087 in
495 3027 624 3085 clausula
647 3031 710 3086 sine
736 3028 797 3085 ullo
822 3029 954 3086 acumine
977 3028 1037 3086 leni
1083 3028 1188 3086 nodam

65 3107 146 3183 lapsu
163 3111 191 3166 in
205 3109 271 3166 loco
286 3105 382 3166 forsan
393 3107 507 3166 minime
519 3112 689 3182 expectato,
703 3113 735 3164 et
744 3125 947 3183 nonnunquam
959 3108 1052 3166 velati
1062 3047 1188 3164 ‹lortuito

66 3188 208 3246 cadente:
228 3190 283 3246 nisi
296 3191 334 3246 sit
348 3190 437 3244 totius
451 3187 567 3245 habitus
582 3185 701 3262 quidam
714 3204 783 3244 suus
806 3195 837 3244 et
855 3184 948 3244 lorma
972 3186 1143 3261 peculiaris,
1157 3188 1186 3244 in

66 3268 153 3324 rebus
167 3269 245 3343 ipsis,
260 3273 288 3324 in
303 3265 404 3324 ordine
420 3271 451 3324 et
465 3265 605 3337 dictione,
619 3284 676 3324 non
692 3269 721 3323 in
736 3269 824 3324 metri
846 3283 957 3342 genere
983 3269 1087 3342 posita,
1103 3282 1186 3341 onae

66 3345 141 3403 hanc
156 3344 316 3422 praecipue
330 3352 417 3420 atque
432 3344 516 3403 unice
531 3345 652 3415 deceat,
674 3343 726 3403 fiet
740 3345 859 3421 quidem
874 3352 979 3421 poema
992 3351 1114 3402 caetera
1129 3343 1187 3402 lor-

65 3441 113 3480 san
128 3425 294 3501 probabile,
308 3424 422 3482 minime
439 3430 537 3482 autem
559 3427 618 3482 erit
645 3425 767 3501 elegans
792 3424 865 3482 Ode.
891 3425 1010 3498 Lowrrn
1036 3425 1072 3480 de
1096 3425 1186 3482 Sacri

66 3503 147 3562 Pois.
162 3503 239 3562 Heb.
259 3501 354 3561 Praei.
371 3521 439 3562 xxv.

100 3842 188 3908 lEK
208 3843 305 3904 ΤΩΝ
319 3843 376 3902 >SA
385 3841 592 3919 littora-1
613 3840 642 3899 Ε
656 3837 825 3898 numinibus
840 3837 967 3918 Suppbtir
989 3838 1121 3917 maedam
1144 3857 1186 3896 re·

64 3920 172 4000 lipsiae.
217 3925 251 4002 [“
262 3922 379 3982 Vellem
395 3918 528 3998 prolecto
552 3939 609 3978 non
635 3919 851 3979 intercidissent
876 3925 917 3977 tot
940 3925 971 3977 et
999 3926 1058 3976 tam
1086 3919 1186 3976 divina

63 4004 82 4037 “
91 4003 225 4077 Sappblas
239 4007 376 4061 carmina.
417 4002 503 4074 Quae
518 4005 674 4076 supersunt
688 3997 735 4078 (ut
750 4000 840 4073 ipsius
851 4000 985 4073 poetriae
995 4005 1061 4055 utar
1071 3995 1185 4077 verbis)

62 4083 158 4138 “sunt
178 4102 248 4140 auro
269 4083 331 4160 ipro
349 4080 441 4160 mugio
464 4099 558 4139 nureo.
600 4077 737 4158 [Xpudod
760 4075 932 4154 pprudrepo.
975 4077 1084 4152 Sapph.
1108 4075 1186 4151 apud

63 4159 225 4219 “Demetr.
242 4160 323 4218 Phal.
338 4179 361 4218 a.
373 4158 453 4236 lii]
494 4159 532 4216 Et
541 4158 673 4216 notabile
684 4162 731 4214 est
741 4155 939 4230 Demetrium,
951 4155 1185 4231 Hermogenem,

63 4239 82 4274 “
93 4237 267 4316 Dionysium
282 4238 548 4311 Halicarnasseum,
563 4243 594 4295 et
608 4235 738 4312 reliquos
757 4237 826 4294 artis
851 4239 999 4293 oratoriae
1022 4235 1184 4311 magistros,

63 4319 82 4351 “
92 4316 170 4376 illam
185 4317 330 4395 perpetub
344 4321 448 4392 citare,
463 4316 528 4375 cdm
542 4316 579 4373 de
602 4325 715 4373 uenusto
729 4331 842 4392 genere
869 4313 984 4373 dicendi
999 4311 1184 4389 loquantur.‘'

63 4391 133 4452 Gon.
154 4397 253 4470 Jonas,
268 4397 350 4456 Pois.
365 4398 452 4455 Asini.
467 4395 580 4454 Comm.
595 4413 623 4470 p.
639 4391 722 4470 258]
754 4391 886 4469 Sappho,
901 4393 1097 4451 celeberrima
1111 4391 1184 4450 Poe-

64 4477 119 4531 tria
146 4476 263 4552 Lyrica,
289 4483 358 4534 nata
385 4484 451 4534 erat
477 4475 637 4549 Mitylenis,
659 4490 734 4549 quae
753 4473 822 4531 urbs
845 4468 900 4530 tait
924 4476 952 4530 in
975 4470 1070 4529 Lesbo
1091 4470 1189 4530 inauli

64 4553 232 4632 clarissimi,
246 4557 284 4616 ab
307 4555 449 4616 Aeolibus
470 4554 613 4630 habitati,
626 4569 685 4611 non
698 4552 784 4630 longe
809 4551 846 4610 ab
868 4550 1072 4630 Hellesponto.
1113 4549 1185 4622 Quo
