3034 5217
820 322 879 405 viii

246 496 377 571 Medea
403 496 620 571 Porsouiana
647 497 763 570 lucem
780 499 986 594 aspexisset.
1039 498 1296 575 Anuotatioues
1312 505 1395 576 berb

246 650 354 711 meae,
373 644 448 697 tum
467 624 510 696 ad
530 624 620 697 hanc
639 622 890 721 Tragoediam,
909 640 984 697 tum
1002 625 1047 697 ad
1067 624 1253 724 Sophoclis
1282 626 1392 701 Oedi-

243 775 329 848 pum
347 748 570 847 Tyrannum,
585 748 690 820 variis
709 748 858 820 Personi
875 750 1006 822 criticis
1019 752 1391 840 animadversionibus,

242 900 288 947 ex
313 875 476 947 omuibus
502 890 650 970 quatuor
676 872 888 970 Tragoediis
914 899 1001 973 quas
1027 876 1103 973 ipse
1121 879 1200 974 jam
1222 878 1390 965 ediderat,

242 1001 468 1099 locupletare,
487 1000 579 1096 quod
599 998 702 1071 facile
725 1000 886 1095 ignoscet
910 1001 963 1072 vir
988 1002 1274 1090 humanissimae,
1296 1002 1391 1076 haud

241 1126 411 1199 dubitavi.
481 1122 574 1195 Nam
610 1123 668 1194 vix
699 1123 877 1219 prodierat
907 1125 1000 1221 prior
1026 1125 1130 1220 hujus
1156 1128 1244 1199 tomi
1268 1126 1389 1213 editio,

239 1277 322 1325 cum
335 1246 663 1325 MATTHAEUS
683 1247 855 1337 RAlNE,
876 1273 908 1321 s.
928 1274 961 1321 r.
981 1274 1018 1322 u.
1040 1250 1391 1325 SebolaeCartbusi·

240 1403 328 1451 auae
341 1375 434 1473 apud
449 1374 694 1447 Londincnses
708 1374 1019 1448 Archididascalus
1031 1376 1271 1474 dignissimus,
1286 1379 1390 1474 cujus

240 1525 379 1575 summa
395 1499 556 1571 doctriua
580 1513 685 1595 atque
711 1500 903 1572 liberalitas
929 1501 1083 1574 notiores
1109 1515 1201 1585 sunt,
1220 1506 1324 1597 quarn
1350 1518 1393 1574 ut

143 1686 148 1695 .
240 1650 320 1699 meo
337 1625 518 1722 indigeant
535 1626 735 1722 praeconia,
748 1626 793 1698 ad
812 1650 868 1697 me
886 1626 982 1698 misit
998 1626 1169 1724 imprimis
1188 1624 1389 1715 Hecubam,

239 1750 368 1823 deinde
387 1748 565 1836 Orestem,
593 1764 779 1847 utramque
795 1753 841 1823 ab
857 1751 974 1823 amieo
1003 1776 1069 1824 suo
1094 1756 1217 1825 recens
1244 1750 1388 1824 editam.

239 1877 281 1953 ln
299 1878 354 1952 his
372 1904 442 1951 nou
461 1877 615 1975 vulgaris
632 1878 820 1951 literatorie
837 1879 899 1951 sed
918 1879 1106 1976 superioris
1127 1879 1259 1951 ordinis
1275 1880 1391 1951 critici

238 2026 380 2077 manum
409 2003 527 2075 statim
546 2003 662 2090 sensi3
691 2018 727 2075 et
744 2003 849 2076 simul
867 2003 1062 2101 intelligere
1088 2003 1229 2101 gavisus
1247 2028 1337 2090 sum,
1350 2004 1390 2077 iu

238 2130 357 2202 animo
387 2152 465 2200 esse
492 2128 618 2201 editori
647 2128 854 2201 doctissimo
879 2145 1036 2201 caeteras
1064 2154 1202 2226 quoque
1231 2130 1390 2226 singulas

236 2253 420 2351 Euripidis
448 2254 597 2343 fabulas,
626 2255 751 2327 eodem
779 2254 885 2327 modo
915 2256 1113 2344 adornatas,
1141 2257 1177 2329 in
1206 2255 1388 2353 publicum

238 2381 414 2479 proferre3
442 2407 600 2479 opusque
630 2381 829 2454 institutum
858 2381 1001 2455 tandem
1031 2382 1193 2455 claudere
1221 2383 1386 2453 observa-

236 2506 391 2580 tionibus
409 2508 618 2605 quibusdam
637 2508 672 2580 in
690 2508 788 2581 varia
806 2507 1036 2580 Sceuicorum
1053 2505 1244 2580 Poetarum
1262 2520 1386 2579 metra.
1506 2535 1508 2548 ·

237 2630 345 2705 Haud
364 2632 414 2705 ita
430 2633 541 2705 multb
567 2635 658 2729 pbst,
687 2629 901 2705 Phoenissae
927 2658 1064 2729 quoque
1081 2632 1293 2728 comparavi,
1311 2647 1389 2703 turn

235 2754 416 2844 Medeam,
433 2755 585 2854 denique
604 2756 793 2831 Hecubam
809 2759 934 2831 iterum
954 2757 1098 2844 editam,
1127 2782 1207 2829 cum
1235 2754 1388 2853 Supple-

237 2896 358 2956 mento
384 2883 429 2955 ad
457 2882 730 2971 Praefationem,
763 2885 799 2957 in
829 2910 899 2981 quo
925 2884 1036 2956 multa
1053 2882 1194 2980 egregia
1210 2880 1255 2953 de
1272 2881 1386 2953 tribus

235 3010 433 3107 praecipuis
450 3010 570 3083 metris
582 3010 757 3108 TragiciS,
775 3010 995 3107 citiusquarn
1013 3008 1250 3106 sperabamus,
1268 3007 1386 3079 lucem

235 3133 408 3208 viderunt.
463 3132 595 3208 Omnia
621 3136 708 3207 haec
733 3136 921 3233 diligenter
950 3132 1085 3218 evolvi,
1113 3146 1149 3204 et
1174 3156 1262 3227 quos
1278 3156 1325 3203 ex
1341 3132 1388 3205 iis

235 3259 370 3333 fructus
388 3262 604 3359 perceperim
624 3260 768 3335 Lectori
785 3275 886 3333 notas
912 3260 949 3332 in
975 3256 1153 3353 Oedipum
1174 3254 1385 3352 Tyrannum

234 3400 271 3462 et
287 3384 455 3460 Medeam
474 3388 673 3485 inspicienti
694 3386 887 3485 apparebit.

285 3513 501 3589 Orrauuurr
519 3518 585 3591 suit
603 3532 642 3590 ut
659 3516 784 3589 editori
801 3513 1005 3588 acutissimo
1031 3537 1101 3585 non
1129 3510 1242 3583 solum
1271 3509 1385 3581 critici

234 3640 296 3715 sed
314 3656 350 3714 et
367 3643 566 3741 interpretis
585 3668 728 3715 munere
742 3640 841 3737 fungi
855 3639 1061 3737 placuisset3
1079 3635 1284 3734 praesertim
1301 3658 1384 3705 curn

233 3792 278 3841 ex
292 3770 475 3867 exemplis,
488 3771 648 3866 quamvis
665 3767 900 3867 paucissimis,
913 3790 1002 3863 quae
1020 3764 1056 3835 in
1074 3763 1140 3835 hoc
1157 3784 1285 3857 genere
1303 3784 1384 3856 pro-

234 3892 325 3980 tulit,
345 3893 462 3966 nullus
480 3894 622 3966 relictus
640 3908 694 3965 cst
710 3890 894 3965 dubitandi
912 3890 1022 3974 locus,
1043 3886 1127 3982 quin
1144 3899 1262 3982 partes
1279 3884 1384 3979 huJus

232 4019 308 4117 pari
326 4043 492 4091 successu
510 4044 552 4091 ae
570 4020 663 4092 illius
682 4016 916 4091 sustinuisset.
953 4011 1143 4106 Utcunque
1161 4011 1218 4096 sit,
1236 4032 1384 4103 magnas

233 4148 329 4217 certe
355 4144 487 4244 gratias
515 4148 535 4217 a
563 4143 677 4217 doctis
705 4141 906 4215 hominibus
928 4140 1006 4235 jam
1032 4152 1197 4221 meretur,
1231 4134 1383 4227 majores

235 4272 434 4359 meriturus,
454 4270 483 4343 si
501 4270 675 4345 curriculo
691 4282 764 4340 tarn
783 4266 931 4340 feliciter
943 4264 1083 4361 incepto
1100 4261 1250 4344 insistat,
1268 4256 1381 4329 donec

234 4398 309 4471 orbi
326 4398 466 4474 literato
483 4397 776 4473 demonstraverit
800 4394 872 4481 ille,
900 4396 930 4466 si
956 4394 1034 4489 quis
1049 4392 1153 4477 alius
1171 4388 1285 4462 adhuc
1303 4412 1383 4459 esse
