3034 5217
440 347 583 408 NOTAE
604 343 648 406 ΙΝ
669 345 876 407 HOMERUM.
1178 353 1212 408 Π

113 467 331 528 Occidentalenr
346 465 468 526 dividit:
490 475 520 525 et
535 469 668 526 dicuntur
678 469 796 542 ἔσχατοι
810 469 937 545 ἀνδρῶν,
951 486 1016 525 nam
1037 467 1216 526 habitatores
1226 472 1253 524 4.

112 551 240 624 Aegypti
265 544 413 604 inferioris
440 548 581 622 putabant
605 547 657 602 hos
684 551 846 620 superioris
871 548 998 622 Aegypti
1009 547 1128 613 ,incolas
1149 564 1213 604 esse

112 628 225 684 ultimos
240 626 389 682 hominum
403 625 558 682 meridiem
573 643 682 682 versus.
704 625 803 682 Danu.
823 625 890 681 Lex.

149 711 196 762 24.
215 701 462 779 -θνσομένον-]
488 720 582 777 praes.
598 709 672 778 part
688 701 850 776 ἐθύσομαι,
865 702 947 760 verb.
957 705 1052 760 nonai
1067 702 1117 760 int.
1138 703 1225 761 med.-

111 785 193 840 verbi
205 781 277 854 θύω,
291 782 377 838 nabeo.
422 781 458 838 ot
472 780 526 854 pla
540 782 602 838 θνσ.
618 781 742 858 ineam.
757 783 783 837 ol
796 783 823 838 θ’
845 779 962 838 α’νιόντ.
986 781 1039 838 nti-t
1058 782 1165 858 quidem
1178 783 1216 840 cd

111 861 273 918 occidentem-
286 861 377 930 solem,
386 859 439 918 otii
448 860 511 916 τινὰ
522 858 707 918 adorientem.
748 859 835 915 Putat
844 863 1032 916 amicissimus
1050 859 1090 916 T.
1100 859 1214 935 Young,

109 938 263 1011 δυσομένου
277 937 343 994 ideo
359 936 480 994 sonasse
496 935 633 995 informa
649 936 739 994 futuri
760 938 817 995 dici
833 941 973 1012 potuisse,
988 941 1056 1014 quia
1066 939 1116 994 Sol
1131 956 1214 995 occa-

109 1035 190 1074 surus
202 1023 310 1074 tantum
326 1020 514 1090 conspicitur,
529 1021 579 1074 vix
595 1020 623 1073 in
638 1033 741 1073 occasu
758 1021 831 1089 ipso.

148 1102 195 1153 95.
216 1093 366 1170 Αντιόων]
381 1106 410 1152 nt
425 1095 535 1152 adesam
556 1095 685 1151 Verbum
700 1101 744 1151 est
763 1091 891 1166 οἰνταίω,
905 1098 996 1150 contr.
1019 1096 1124 1166 οἰντιῶ,
1138 1094 1214 1152 unde

111 1173 300 1230 Homericum
319 1171 446 1245 οέντιόοι,
469 1173 651 1248 reduplicato
673 1174 734 1231 scil.
755 1171 874 1230 dimidio
900 1175 954 1229 τοῦ
976 1192 1010 1243 ω,
1028 1174 1105 1248 quod
1127 1179 1172 1229 est
1191 1191 1213 1229 α

110 1271 182 1326 quae
198 1256 318 1308 mutatio
332 1252 499 1326 saepissime
515 1255 642 1309 occurrit
656 1251 731 1326 apud
746 1253 955 1308 nobilissimum
979 1259 1102 1324 potitam.
1138 1252 1214 1308 Vide

110 1327 182 1388 iufrai
198 1347 261 1386 ver.
277 1332 323 1386 39.
338 1329 374 1386 cs.
391 1329 470 1386 lliad.
484 1349 515 1401 α,
530 1333 576 1387 31.
587 1347 620 1403 φ,
635 1335 702 1387 431.
718 1330 745 1404 β,
761 1335 829 1401 323,
844 1335 912 1400 472,
927 1332 979 1385 tn.

147 1413 194 1466 99.
215 1406 400 1482 -ᾰμύμονος
415 1406 588 1485 Αίγίσθοιο,]
609 1408 709 1465 nobilis
733 1406 1048 1485 Aegisthi-Reiertur
1070 1408 1128 1465 hoc
1152 1411 1215 1482 epi·

109 1487 209 1544 theton
233 1485 360 1560 θμύμιον
374 1505 430 1543 non
445 1485 481 1542 ad
495 1489 702 1561 praestantiam
716 1490 815 1558 animi,
830 1490 879 1560 qni
895 1491 923 1544 in
944 1487 1001 1543 hoc
1023 1489 1141 1544 homine
1156 1492 1215 1542 tnr-

109 1570 243 1638 pissimus
258 1571 331 1638 erat,
346 1565 396 1623 sed
412 1565 446 1622 ad
461 1565 600 1622 natalium
613 1564 819 1639 splendorem3
840 1563 894 1621 i'uit
909 1568 987 1621 enim
1002 1569 1087 1641 regio
1101 1583 1212 1640 genere

109 1645 284 1702 Atridarum.
325 1643 373 1700 De
388 1641 605 1717 pulchritudine
622 1643 761 1718 intelligit
785 1641 953 1713 Ernestius;
975 1651 1086 1701 namet
1110 1644 1214 1700 mulie·

109 1739 165 1796 res,
181 1723 258 1779 nulli
274 1725 329 1780 aiii
340 1725 432 1798 magis
443 1723 479 1778 de
494 1723 579 1778 causi
590 1739 676 1797 quam
687 1727 810 1797 propter
831 1721 1090 1796 pulchritudinem,
1103 1721 1215 1794 οἰμύμο·

107 1819 153 1862 τις
169 1803 246 1876 apud
262 1801 423 1859 Homerum
438 1798 630 1875 appellantur.

145 1885 194 1936 32.
214 1877 429 1937 -αἰτιόιονται
439 1878 463 1955 l]
486 1879 604 1957 culpant.
619 1877 694 1936 Vide
708 1877 795 1952 supra}
809 1877 844 1934 ad
859 1897 887 1938 v.
902 1882 949 1935 25.

146 1963 195 2015 33.
217 1957 261 2030 Εξ
277 1955 560 2032 ἡμέων-ἔμμηνα]
577 1961 594 2014 i.
611 1975 637 2014 e.
652 1959 682 2028 ἐξ
698 1951 907 2030 ἡμῶν-εῖναι.

146 2041 195 2094 34.
215 2035 329 2114 -ὑνιὲρ
349 2034 462 2114 popum]
480 2051 592 2113 praeter
604 2035 711 2113 satam,
735 2041 837 2092 contra
864 2051 950 2110 quam
974 2035 1146 2093 destinatum
1171 2044 1215 2091 est

109 2115 182 2172 satis.
226 2115 274 2172 Sic
298 2109 483 2192 iniquiter,
498 2114 577 2172 iliad.
592 2133 626 2188 n,
642 2118 709 2174 tao.
749 2111 860 2171 Confer
877 2113 957 2171 iliad.
971 2132 999 2193 p,
1013 2118 1081 2171 321.
1095 2133 1127 2186 φ,
1147 2119 1213 2171 617.

108 2195 161 2250 oo.
175 2214 201 2266 ε,
217 2198 282 2250 aaa.

146 2277 196 2330 35.
215 2269 417 2348 -Λτρείθαο]
446 2270 685 2349 depredata-ov.
726 2272 840 2331 ionicus
853 2275 1033 2348 genitinest
1055 2268 1215 2346 Ατρείθεοι,

107 2349 228 2409 Ροεῐίοό
244 2349 429 2426 Ατρηϊιίθεω.
470 2351 551 2408 Aeol.
568 2351 722 2428 Ατρείθαο.

146 2435 194 2488 37.
217 2430 311 2492 Eldolt
339 2429 763 2528 aindvdledpnv·1qtsanquom
784 2451 890 2508 porra
912 2438 976 2485 esset
999 2427 1099 2505 pacis
1126 2427 1215 2500 exitii,

107 2513 154 2566 cui
171 2513 235 2584 ipse
252 2507 329 2567 soret
343 2509 501 2578 obnoxius;
526 2511 588 2567 ἐπει
605 2507 661 2586 πρό
674 2510 700 2566 οὶ
717 2513 839 2582 εἴπομεν
856 2510 950 2581 ἡμεῖς,
965 2511 984 2564 i.
999 2523 1026 2564 e.
1042 2504 1215 2584 npoet'rwptv

106 2589 141 2662 cl,
157 2587 289 2664 quonium
300 2586 345 2645 itti
359 2608 406 2645 nos
418 2586 649 2665 praedicaremus.

146 2671 195 2724 39.
215 2664 418 2742 -μνιίασθαι]
433 2663 574 2738 μνοῖεσθαι
590 2671 681 2723 contr.
696 2669 838 2738 periodos,
852 2671 883 2722 et
894 2664 970 2739 apud
985 2663 1072 2720 Hom.
1087 2661 1216 2737 redupli-

106 2751 173 2802 cato
188 2765 219 2817 α,
232 2744 388 2816 μνοίασθοιι.
408 2743 488 2818 μήτε
502 2742 649 2816 μνάασθαι
670 2745 801 2816 ἄκοιτιν,
819 2763 902 2819 neque
924 2741 1041 2799 ambiret
1065 2739 1128 2815 ejus
1151 2760 1217 2797 οιτο-

107 2845 173 2880 rem.
194 2821 291 2895 μνοίαν,
306 2821 337 2878 in
350 2823 510 2880 memoriam
524 2841 629 2894 revoco,
643 2821 726 2900 socio
738 2832 769 2880 nt
782 2821 890 2898 aliquid
903 2821 935 2876 in
947 2828 1035 2875 menie
1056 2819 1167 2878 inerrat
1191 2830 1216 2875 et

106 2911 227 2959 monent.
247 2899 386 2974 μνοίομαι,
402 2905 429 2958 in
452 2901 527 2958 med.
551 2901 583 2956 in
602 2901 764 2958 memoriam
783 2899 855 2956 miti
874 2899 931 2976 ipn'
954 2915 1060 2970 revoco,
1084 2896 1159 2953 unde
1175 2916 1217 2952 re·

106 2981 225 3037 cordos:
256 2985 287 3036 et
316 2981 356 3037 ita
387 2985 544 3054 usurpatur
563 2985 594 3035 ut
619 2980 743 3036 verbum
768 2979 932 3053 deponens:
962 2982 1048 3050 atque
1073 2973 1217 3048 significat

106 3062 200 3115 etiam
214 3057 316 3130 cendio,
331 3062 411 3134 quasi
426 3067 540 3114 mentem
553 3076 641 3114 meam
657 3057 688 3114 in
697 3077 823 3135 spernam
837 3055 935 3133 defigo,
950 3054 1041 3112 ambio
1062 3061 1216 3110 constanter

104 3156 259 3214 sporum,-
280 3140 310 3193 in
334 3154 389 3211 quo
408 3153 494 3193 sensu
517 3136 685 3210 saepissime
708 3140 838 3198 occurrit
861 3138 891 3192 in
912 3134 1051 3211 odyssei.
1086 3128 1170 3188 Conl'.
1183 3151 1215 3205 α,

106 3221 175 3273 τιν.
193 3217 680 3288 c‚as‚eas.t‚1ts.v,ara‚ac.
1141 3277 1146 3286 .

146 3299 196 3351 40.
218 3291 521 3370 quassatas-1
542 3293 610 3352 stilio
631 3293 719 3371 soret,
744 3292 795 3351 rel
818 3292 948 3350 sanaem
961 3289 1216 3370 sore-praedixi·

104 3391 170 3430 mus
185 3373 346 3429 scil-non
360 3371 429 3429 ultio
443 3372 502 3429 erit.
543 3372 619 3429 Vide
634 3373 698 3429 Vol.
717 3373 739 3429 l.
754 3373 791 3429 ad
805 3391 833 3446 p.
852 3376 915 3428 122.
926 3390 954 3428 n.
970 3375 997 3428 6.

146 3457 196 3509 41.
217 3443 296 3522 -ἧς
311 3450 454 3528 ἱμείρεται
468 3449 562 3527 αἴης]
582 3473 659 3509 saum
674 3451 838 3508 desideraret
848 3450 985 3528 petriam,
999 3459 1105 3526 caperet
1118 3446 1150 3503 a'n
1163 3467 1216 3524 pc-

105 3530 194 3586 triam
208 3549 285 3586 ινονι
303 3529 400 3586 redire.
444 3528 541 3586 Latuit
563 3535 641 3588 enim
665 3531 787 3587 Orestes
809 3529 887 3604 apud
912 3526 1080 3600 Strophium
1111 3543 1216 3601 regem

105 3609 245 3666 Phocidis
258 3625 315 3682 per
329 3627 394 3666 com
416 3609 495 3665 iures
510 3625 607 3665 annos.

145 3691 195 3744 43.
216 3684 345 3763 -οἱθρόοι
360 3705 382 3744 n
406 3688 452 3742 vc'
465 3685 611 3762 anteana]
633 3686 764 3742 enmnlntd
778 3683 872 3741 omnin
886 3681 945 3740 lnt't.

145 3770 195 3824 46.
217 3762 647 3841 -λιὴν-ἐοικότι-ὀλέθρον]
667 3763 846 3820 meritissimo
855 3759 988 3839 pernicie.

146 3849 195 3902 50.
216 3841 612 3918 -ὀμφαλός-θαλοίσσης,]
646 3841 791 3899 umbilicos
823 3839 917 3897 mosis.
976 3838 1088 3896 Eodem
1129 3837 1251 3896 medab.

103 3923 232 3980 Graecia
247 3925 460 3998 antiquissimis,
483 3921 696 3998 geographiam
718 3923 812 3978 minus
832 3917 1000 3992 scientibus,
1024 3915 1139 3993 Delphi
1154 3935 1216 3975 nm-

103 4003 210 4058 bilicus
225 4007 323 4059 terrae
339 4019 403 4058 esse
419 4001 598 4058 dicebantur.
639 3997 722 4056 Coos.
738 3999 807 4055 Eur.
822 3996 900 4055 hied.
915 4000 983 4054 666.

146 4085 196 4138 592.
218 4079 431 4157 Ατλαντος-]
453 4077 536 4136 Conf.
551 4081 623 4135 Aen.
638 4081 677 4152 iv,
693 4083 761 4152 247,
784 4095 864 4152 seqq.
884 4082 916 4132 et
939 4076 1085 4134 celeberr.
1108 4075 1215 4150 lleyne
1249 4129 1258 4148 ,

101 4159 141 4216 ad
169 4159 275 4216 locum.
317 4158 364 4216 De
383 4160 500 4217 Atlante
524 4157 591 4215 vide
615 4161 704 4214 etiam
725 4159 914 4232 propriorum
938 4155 1085 4211 namnum
1109 4155 1215 4211 lerion.

103 4238 181 4313 Ejus
203 4237 264 4294 tilia
288 4236 408 4312 fingitur
432 4235 520 4294 luisse
546 4235 685 4310 Calypso,
703 4237 858 4293 “insulam
883 4233 1029 4309 Ogygiam
1057 4233 1216 4307 possidens,

101 4323 225 4392 “quam
253 4315 386 4374 Melitam
412 4314 485 4376 inira
514 4315 643 4374 Siciliam
668 4321 826 4386 autumant,
848 4316 897 4387 qui
922 4329 985 4369 rem
1007 4311 1078 4368 vere*
1109 4309 1217 4368 iactam

101 4395 303 4452 “Homerum
328 4413 449 4454 narrare
475 4399 637 4471 opinantur.
689 4393 780 4450 Poeta
802 4410 869 4450 eam
902 4391 1023 4446 insulam
1050 4407 1103 4446 sno
1132 4406 1215 4447 more

101 4481 124 4512 ‘⁶
138 4471 301 4544 ἐκτοπίζει,
322 4471 365 4552 (in
390 4478 479 4533 alium
504 4477 600 4532 iocum
624 4470 810 4551 transponit)
832 4478 862 4527 et
880 4474 909 4528 iu
933 4470 1108 4526 Atlanticum
1131 4483 1213 4523 mare

101 4547 298 4610 “transferre
323 4554 449 4612 ridetur.
490 4554 568 4613 Hinc
582 4549 689 4610 frustra
703 4557 748 4609 est
762 4567 917 4627 quaerere,
932 4563 985 4605 cnr
1005 4546 1119 4605 dicatur
1139 4545 1216 4604 haec

176 4629 250 4688 Vos.
267 4629 305 4690 ll.
437 4641 457 4694 3
