3034 5217
436 369 578 433 NOTAE
598 373 644 433 IN
665 373 874 435 HOHERUM.
1172 384 1210 440 39

96 493 161 553 dius
176 493 214 552 ab
227 495 306 552 omni
320 495 475 552 atrocitate
489 496 684 553 alienissimus
697 515 755 553 non
770 503 869 554 tamen
885 497 1064 557 horrendum
1079 498 1136 556 boc
1150 497 1206 558 Po·
1216 501 1263 559 Ab.

97 574 230 650 lypheml
265 573 477 647 spectaculum,
508 573 636 631 Metamo
676 575 706 632 h.
741 575 804 632 Lib.
834 574 892 634 xiv.
923 575 1029 634 iterdm
1064 578 1210 637 exhibere

95 653 250 710 dubitavit.
292 651 447 726 Euripides
468 657 566 709 antem
591 656 620 709 in
669 654 778 728 yclope
802 654 928 730 Satyrici
949 655 1086 713 dramatis
1107 660 1212 716 naturi

94 733 177 788 tueri
187 748 219 788 se
234 729 455 806 potest—Sane
471 729 671 788 Theocriteus
686 731 815 808 Cyclops
829 729 928 807 paulli
941 733 1114 792 humaniore
1129 737 1212 794 cultu

94 809 266 883 exhibetur,
278 808 360 884 idyll.
382 811 421 865 xi.
438 807 558 883 ‚Herum
583 809 704 867 Excurs.
720 813 780 868 xri.
796 811 832 867 ad
850 813 922 868 Aen.
937 808 1001 868 Lib.
1017 815 1059 868 iii.
1075 814 1125 870 nbi
1141 815 1210 872 vide

93 890 192 962 plura.

97 1057 1266 1086 η-ῇ-Ι--ῴὶ--ι--ι--ι-ι-

135 1197 153 1234 *
173 1197 222 1256 Er
238 1199 295 1270 τῆς
313 1196 527 1256 ‘OMHPOY
544 1197 792 1258 ΟΔΤΣΣΕΙΑΣ
810 1201 864 1277 A]
893 1200 941 1258 Er
963 1202 1083 1260 Hostem
1108 1203 1211 1261 Onrss.

94 1277 156 1334 Lm.
174 1277 223 1334 Xl.
241 1281 345 1334 1-43.
367 1280 532 1334 sss-639.
574 1277 633 1335 Hie
648 1279 739 1336 Liber
753 1279 902 1355 Odysseae
928 1279 1018 1356 rulgd
1042 1282 1212 1340 inscribitur

94 1354 225 1428 Nezala,
251 1356 409 1434 [interdum
432 1355 686 1432 Νεκυομαντεία,]
710 1359 728 1414 i.
750 1375 776 1414 e.
806 1357 995 1434 πραγματεία
1027 1361 1110 1417 nerei
1138 1361 1211 1424 ende

97 1433 213 1505 νέκυας,
232 1431 344 1508 qnandb
359 1433 395 1494 de
412 1437 533 1491 mortuis
548 1438 655 1510 agitur,
678 1436 728 1494 vel
751 1441 859 1494 mortui
875 1445 998 1510 agentes
1018 1438 1210 1512 inducuntur3

94 1513 147 1571 vel
162 1510 275 1587 quand&
290 1529 389 1569 manes
410 1520 582 1585 evocantur,
605 1521 636 1570 ut
661 1516 856 1589 respondeant
880 1517 917 1572 de
935 1515 1048 1574 suturis.
1089 1517 1210 1592 Ulysses

95 1591 176 1666 apud
196 1590 314 1647 Circam
330 1595 476 1666 integrum
501 1609 606 1648 annum
627 1603 767 1666 moratus,
781 1591 830 1650 illa
854 1603 1003 1668 monente,
1029 1595 1065 1650 ad
1094 1596 1211 1654 domum

96 1669 229 1728 Plutonis
243 1669 449 1742 proficiscitur,
464 1671 646 1727 consulturus
662 1675 788 1730 animam
806 1671 955 1746 Tiresiae,
970 1678 1048 1730 ratis
1062 1677 1157 1746 caeci,
1173 1675 1210 1732 de

95 1751 133 1806 iis
148 1765 223 1822 quae
238 1748 293 1805 sibi
308 1747 431 1822 ampliris
447 1755 590 1804 eventura
604 1755 711 1821 essent,
726 1756 882 1827 antequam
908 1755 935 1808 in
960 1756 1085 1826 patriam
1111 1752 1209 1810 redire

94 1833 206 1902 posset
247 1825 331 1882 Mane
341 1829 431 1901 igitur
441 1843 507 1883 cnm
519 1830 606 1884 sociis
617 1826 777 1902 profectus,
787 1833 881 1900 venit,
892 1848 959 1886 cum
969 1831 1032 1887 sole
1044 1831 1210 1905 occidente,

93 1907 137 1967 stc
153 1905 238 1979 ᾅδου,
254 1905 302 1962 ubi
319 1907 373 1961 uni
388 1911 473 1962 nocte
489 1908 619 1980 peracti,
634 1907 728 1964 altero
743 1908 791 1964 die
807 1909 842 1964 ad
865 1908 985 1964 Circem
1005 1918 1142 1965 revectus
1158 1919 1212 1967 est

95 1985 184 2041 Hanc
200 1983 308 2059 Ulyssis
322 1983 358 2038 ad
373 1984 489 2040 domum
505 1983 583 2040 Ditis
598 1985 814 2058 profectionem
838 1989 941 2043 imitati
963 1994 1029 2043 sunt
1049 1988 1133 2044 multi
1160 1990 1210 2045 alii

94 2069 224 2138 poetae:
245 2061 297 2118 sed
313 2063 341 2118 in
356 2062 412 2118 hoc
427 2079 539 2136 genere
556 2065 682 2136 palmam
698 2065 830 2122 omnibus
846 2069 1012 2139 praeripuit
1027 2066 1211 2140 elegantissi-

93 2159 161 2198 mus
177 2141 328 2216 Virgilius,
343 2141 371 2196 in
386 2141 525 2197 Aeneidis
540 2142 588 2198 lib.
603 2145 644 2199 vi.
685 2146 704 2179 ‘⁶
716 2141 875 2216 Virgilio,''
892 2149 923 2198 nt
937 2145 1037 2200 verbis
1047 2149 1114 2199 utar
1129 2144 1211 2220 Hey·

93 2223 148 2294 nii,
163 2225 183 2256 ‘⁶
195 2218 262 2276 sane
278 2217 394 2275 omnine
408 2218 502 2294 major
516 2221 577 2275 laus
593 2223 712 2277 inventa
737 2222 862 2279 aliorum
887 2223 1008 2280 ornandi
1023 2241 1109 2297 quam
1133 2241 1210 2280 nora

93 2297 316 2373 “excogitandi
332 2300 481 2367 convenit;
505 2301 631 2356 inventis
646 2305 743 2356 tamen
758 2301 862 2356 alienis
886 2306 944 2357 barn
959 2302 1096 2357 sollerter
1121 2304 1210 2358 inter-

92 2383 115 2413 “
128 2378 199 2434 dum
214 2394 280 2432 usus
295 2381 349 2446 est,
364 2381 395 2432 ut
410 2377 563 2450 aequalem
573 2395 639 2434 cum
650 2382 744 2452 primo
756 2381 910 2435 inventore
921 2379 1036 2438 laudem
1048 2386 1208 2436 mereatur.

92 2461 114 2493 “
128 2455 212 2512 lnter
236 2453 310 2510 haec
334 2471 475 2528 ponemus
495 2454 666 2512 descensum
687 2459 807 2512 Aeneae
826 2458 862 2513 ad
887 2455 1004 2514 interos.
1046 2457 1209 2517 Homerum

92 2532 308 2591 “hauddubie
324 2539 390 2590 ante
407 2533 505 2590 oculos
520 2532 640 2605 habuit;
661 2541 691 2591 at
713 2533 749 2590 ab
772 2535 932 2593 Homerici
956 2537 987 2593 N
989 2537 1073 2612 ecyiai
1089 2542 1210 2610 quantus

91 2616 202 2670 “artis
217 2619 247 2668 et
262 2615 372 2687 ingenii
387 2629 557 2688 progressus
572 2613 608 2670 ad
623 2615 758 2670 Aeneidis
774 2614 880 2672 librum
896 2622 1012 2672 sextum
1023 2615 1051 2671 t”
1073 2616 1208 2693 [Excurs.

90 2697 158 2750 xiv.
175 2692 211 2748 ad
228 2691 299 2748 Aen.
315 2691 377 2748 Lib.
392 2693 432 2746 ri.
473 2691 547 2747 Vide
564 2698 655 2749 totum
679 2691 755 2749 hunc
778 2692 951 2766 Excursum,
967 2699 1095 2768 itemque
1111 2702 1210 2752 caete·

90 2789 145 2828 ros
175 2770 279 2846 quibus
300 2769 405 2826 librum
427 2770 626 2842 vi.Aeneidis,
655 2777 741 2846 atque
763 2769 837 2827 ederi
866 2779 956 2828 totam
986 2772 1062 2828 hanc
1090 2773 1129 2828 de
1150 2775 1210 2832 Νε-

91 2848 198 2912 m'acc
226 2852 389 2917 materiam,
417 2847 581 2904 doctissime
611 2849 767 2906 illustrarit
793 2854 841 2906 vir
868 2854 1024 2926 egregius;
1044 2851 1095 2906 ubi
1123 2853 1208 2908 simul

90 2929 245 2986 calamum
272 2929 405 3002 primarii
430 2925 575 3002 philologi
601 2925 687 2986 facile
715 2931 807 3002 possis
836 2927 999 3004 indagare]
1035 2927 1208 3004 Quanquam

90 3015 200 3064 autem
215 3009 243 3064 in
258 3005 314 3063 hac
328 3013 412 3081 parte
428 3008 527 3078 operis
541 3007 584 3062 sui
599 3006 740 3080 Virgilius
756 3024 857 3062 omnes
873 3007 1003 3063 aemulos
1019 3008 1123 3081 procul
1145 3008 1162 3062 ai
1175 3027 1207 3065 se

90 3087 266 3162 reliquerit,
281 3086 374 3144 insunt
389 3093 486 3141 tamen
508 3086 538 3140 in
562 3083 686 3140 Homeri
710 3087 889 3158 simpliciore
913 3084 1043 3158 Νεκυίᾳ,
1067 3086 1209 3162 quaedam

91 3167 242 3239 imagines
257 3169 286 3220 et
301 3163 512 3238 descriptiones
527 3161 612 3237 plane*
637 3164 843 3234 admirandae;
866 3165 990 3240 idebque
1015 3172 1083 3221 ante
1107 3167 1207 3223 oculos

91 3248 247 3318 ingenuae
260 3242 421 3317 juventutis
435 3242 598 3317 ponendae.

140 3320 206 3380 Ver.
224 3325 250 3378 6.
270 3321 379 3385 -venlr
409 3319 632 3398 awvompo'iporo]
654 3318 747 3378 κυανό

90 3399 209 3458 habens.

136 3485 167 3535 7.
189 3477 313 3552 Ικμενσν
327 3473 410 3556 οὖρον
424 3481 460 3537 ἵει
476 3477 675 3554 reinoldum]
692 3479 845 3536 Secundum
854 3491 963 3536 ventum
971 3479 1086 3536 immisit
1097 3480 1211 3558 implera-

92 3571 153 3618 [ειη
166 3559 349 3618 oetam—ier·
371 3556 430 3631 ism,
445 3559 521 3616 unde
535 3559 611 3630 ἵημι,
625 3557 715 3615 habet
730 3563 760 3615 in
776 3558 890 3632 impert.
910 3559 978 3630 em,
987 3559 1056 3614 ΐουν·
1070 3559 1136 3631 iere,
1146 3560 1208 3622 ἵεις·

91 3641 135 3697 ἵεε
163 3639 210 3695 ἵει.
233 3657 259 3694 κ.
275 3659 304 3698 τ.
320 3639 347 3694 λ.

132 3679 164 3769 t’s.
184 3711 302 3789 Κίρκη]
324 3713 419 3770 Circes
429 3715 530 3792 poculo
544 3715 638 3783 norti‚·
661 3714 738 3787 Quae
757 3715 784 3771 si
803 3733 865 3770 cam
884 3713 966 3769 sociis
981 3713 1075 3769 stultus
1089 3731 1122 3768 ou
1142 3711 1216 3769 idua·

85 3811 143 3869 que
159 3790 279 3865 bibisset,
302 3793 357 3850 Sui
381 3793 497 3850 lanino
517 3793 658 3850 meretrice
673 3793 776 3870 suisset
803 3792 891 3870 turpis
911 3801 936 3847 et
958 3809 1073 3859 exoorr,·
1097 3733 1216 3847 sinisset

87 3868 176 3927 cauis
191 3870 358 3944 immundus,
372 3871 416 3928 nel
429 3872 522 3931 amica
537 3873 592 3930 tuto
606 3893 658 3928 rra.
700 3872 777 3928 Hoa.
801 3871 864 3926 Lib.
887 3873 905 3926 i.
921 3869 1018 3945 Epist,
1029 3872 1061 3940 ii,
1077 3872 1123 3925 23.
1165 3867 1215 3926 De

84 3953 137 4023 iis,
155 3965 232 4023 quae
248 3949 324 4025 apud
340 3949 448 4007 Circen
470 3950 589 4026 Ulysses
614 3953 744 4025 sociique
760 3959 825 4006 sunt
848 3952 976 4023 experti,
990 3952 1156 4023 expositum
1171 3953 1217 4004 est

83 4031 117 4086 in
153 4027 230 4084 libro
258 4031 423 4102 superiore.
465 4028 513 4086 De
543 4029 644 4086 Circes
666 4029 767 4101 insuti,
784 4030 851 4086 vide
875 4029 983 4104 Heynii
1007 4028 1128 4084 Excurs.
1144 4030 1162 4083 i.
1179 4027 1216 4083 ad

81 4109 166 4166 Aen.
183 4105 246 4163 Lib.
262 4109 311 4164 vii.
324 4105 554 4186 -tteddrieooe,
566 4107 616 4164 ‘H
626 4107 811 4184 uspcdoqeoe,
831 4106 852 4180 ἢ
874 4106 1025 4178 διαλέκτῳ
1044 4103 1218 4184 ‹ivtlpnrm'rp

81 4183 264 4262 yproptvqfi’
286 4185 473 4244 Eusrrrarus.
514 4185 645 4244 Fortasse
672 4205 728 4262 per
750 4185 900 4259 αὐδήεσσα
922 4187 970 4244 hic
995 4185 1217 4262 intelligendum

80 4275 134 4322 est
152 4272 238 4321 contu
252 4265 388 4323 excellere
412 4265 532 4323 Cannae
547 4265 577 4322 F.
593 4265 647 4322 Od.
665 4283 692 4321 κ.
710 4270 774 4324 136.
805 4265 905 4324 Recte.
946 4263 992 4322 Ct.
1016 4265 1070 4322 ou.
1095 4285 1123 4338 x,
1149 4267 1215 4320 221.

81 4349 117 4402 et
135 4347 211 4400 227.
227 4345 298 4400 item
313 4345 385 4401 Aen.
400 4347 454 4416 vii,
472 4350 515 4402 ll.

128 4425 180 4480 12.
202 4419 407 4498 -mriovrm
429 4423 505 4482 Vide
520 4423 609 4499 supri
624 4423 660 4480 ad
672 4443 703 4495 a,
718 4427 766 4480 25.

128 4505 181 4560 14.
203 4499 418 4580 -Ktppeptbir
431 4501 602 4580 deipsis-4
624 4501 703 4559 Gens
718 4513 783 4560 erat
797 4501 1036 4570 cimmeriorum,
1047 4518 1123 4576 qnae
1134 4501 1217 4558 habi·
1227 4501 1276 4556 tl'l.

77 4581 176 4641 rabat
191 4597 281 4657 supra
295 4587 417 4657 pontum
432 4581 593 4652 Euxinum3
615 4581 667 4640 sed
682 4599 738 4658 per
753 4585 832 4641 viros
854 4581 1030 4640 Cimmerios
1046 4579 1094 4638 hic
1109 4579 1217 4638 intelli-

748 3339 870 3399 πρωρος,
893 3320 1077 3401 nigricantem
1094 3345 1209 3401 proram
