3034 5217
294 86 349 143 ue
596 75 737 139 uorsa
758 56 812 138 m
833 75 1110 140 ruuocnrruu.

211 195 280 260 2¹7.
290 202 472 258 Graecorum
481 201 579 274 pueri,
589 215 641 256 nos
646 199 708 273 jam
719 189 800 257 latet.
816 187 974 258 Souannss.
996 197 1178 258 Theocritus
1185 196 1414 275 proculmolru·

290 282 439 354 mentique
449 279 562 334 calamo
571 277 588 335 ri
598 277 696 335 radice
712 278 898 336 adsummam
910 295 1000 354 usque
1010 282 1122 353 spicam
1130 285 1312 356 exporrecto
1319 283 1412 338 sumit

287 359 478 415 -Homerus
492 355 587 434 [lliad.
599 375 626 427 o,
641 357 722 432 222]
737 359 918 432 accipit-pro
928 361 1076 432 spicarum
1086 359 1310 416 summitatffsus.
1332 355 1413 415 Cous.

288 436 323 493 V.
339 433 461 494 Aeneid.
476 438 528 492 vii.
544 437 610 492 809.
626 436 677 492 Ae.
694 435 815 492 Porrus.
857 437 1039 494 scholiastes
1052 439 1081 492 iu
1106 435 1305 494 Theocritum
1327 440 1413 512 sigui-

288 515 458 573 ficationem
472 531 579 570 uocum
595 511 721 592 Ανθέριξ
734 522 766 571 et
789 513 940 592 ἀνθέρικος
962 512 1055 573 minsis
1078 513 1216 572 occurat&
1240 519 1412 588 exposuisse

288 594 416 651 videtur.
458 593 501 649 Ad
516 593 598 668 ldylt.
614 595 632 650 l.
648 593 728 651 illam
744 611 798 667 pro
811 593 899 666 cauli,
916 593 990 650 hanc
1005 611 1060 668 pro
1075 591 1172 650 fructu
1183 597 1243 665 τῆς
1251 593 1414 664 ἀσφοδέλου

287 675 384 730 sumit
425 670 469 728 Ad
484 671 567 745 ldylt.
583 674 634 729 vii.
650 687 713 731 rer.
729 677 777 729 68.
792 689 849 747 per
864 675 1058 747 posteriorem
1074 671 1183 730 diserte
1197 674 1315 730 caulem
1331 673 1413 730 intel·

289 753 373 826 ligii:
396 747 563 821 Adpddrior
586 748 621 806 ot
645 747 762 819 βοτοίνη
782 747 1005 824 πλατύφυλλος,
1032 744 1070 822 ἧς
1096 752 1112 808 d
1137 752 1246 813 καυλός
1274 752 1412 808 καλεῖται

286 828 450 907 deotpertus.
492 827 559 885 Hae
573 846 664 884 voces
681 831 789 888 reveri
814 835 970 904 usurpatae
995 829 1192 887 videaturad
1215 830 1413 887 denotandum

286 910 350 966 siue
366 908 535 965 discrimine
548 923 606 963 oon
620 905 713 964 schim
728 909 855 981 caulem,
867 907 919 964 sed
934 907 1005 964 alias
1020 923 1136 983 quoque
1151 915 1262 982 partes,
1277 915 1311 965 et
1326 915 1413 966 totam

288 987 435 1046 interdum
462 989 594 1060 stirpem.
636 985 862 1061 Theophrastus
890 993 921 1042 et
950 985 1146 1060 Hippocrates
1174 1004 1231 1062 per
1257 982 1413 1064 occepso

288 1067 404 1125 caulem
419 1062 528 1122 tantdm
543 1065 655 1136 uolunt,
669 1067 762 1139 iisque
780 1063 890 1122 Plinius
905 1065 1105 1140 adstipulatur.
1146 1065 1292 1124 Veterum
1316 1063 1413 1136 Adpo*-

285 1144 370 1207 δελος
393 1144 444 1201 vel
466 1161 523 1215 «ον,
545 1147 589 1199 est
611 1141 776 1220 dephodclas
800 1160 921 1200 ramosus
946 1143 1028 1200 Lino.
1053 1143 1136 1218 Angl.
1166 1143 1337 1214 Ss’loer-rod,
1368 1145 1414 1202 sel

288 1223 390 1300 King’r
403 1242 492 1301 speor.
534 1221 644 1278 Latinis
658 1228 724 1278 erut
737 1221 816 1278 Ιιοοοο
830 1222 919 1300 regio,
935 1223 1001 1296 quia
1020 1229 1139 1298 sceptro
1160 1224 1269 1279 similis
1292 1229 1342 1280 est
1366 1223 1414 1280 do·

286 1319 416 1359 resceus.
455 1304 482 1358 A
514 1299 659 1358 nonnuliis
692 1303 783 1357 etiam
817 1300 943 1357 albumen
970 1301 1180 1360 nominabatur.
1223 1301 1321 1360 Radix
1353 1304 1412 1378 ejus

287 1383 455 1438 constater
469 1379 601 1455 plurimls
615 1379 749 1453 oblongis
771 1383 874 1436 massis
888 1382 1034 1447 camosis;
1056 1384 1088 1436 et
1109 1397 1166 1436 non
1192 1379 1348 1438 dissimilis
1371 1389 1413 1437 est

287 1459 485 1534 raphanorum
498 1475 662 1513 crassorum
682 1463 714 1513 et
738 1463 889 1514 curtomnr
913 1455 1061 1514 fasciculo.
1103 1456 1198 1514 Radix
1221 1457 1238 1513 ai
1258 1460 1411 1516 veteribus

166 1570 172 1586 ·
283 1537 433 1594 edebatur
446 1538 571 1593 contrita
584 1553 651 1592 cum
673 1534 784 1592 ficubus
807 1535 844 1592 sd
868 1535 1085 1607 moderandam,
1110 1541 1143 1590 ut
1166 1535 1337 1593 verisimile
1360 1545 1410 1609 est,

286 1615 351 1691 ejus
362 1617 559 1672 acrimoniam.
581 1615 701 1670 Semina
709 1629 822 1690 quoque
834 1631 888 1688 pro
898 1617 977 1684 victu
988 1617 1017 1668 in
1029 1629 1081 1669 usu
1092 1619 1196 1684 eraut3
1211 1613 1267 1670 sed
1276 1621 1410 1690 unaque,

287 1695 363 1771 quod
378 1694 566 1751 verisimilius
581 1710 695 1767 quoque
709 1699 765 1764 est,
780 1709 835 1765 pro
850 1691 1070 1748 medicamentis
1084 1691 1309 1750 adhibebantur.
1345 1694 1410 1768 Ejus

286 1778 387 1830 sutem
401 1772 492 1829 caulis
506 1778 594 1828 tenax
609 1781 663 1842 est,
687 1763 850 1844 fractirque,
874 1769 924 1826 vel
944 1775 1032 1826 secto
1056 1767 1142 1839 falce,
1158 1768 1306 1842 difficilis;
1330 1781 1363 1829 et
1376 1776 1411 1828 si·

286 1851 401 1927 quaudo
419 1868 456 1907 eo
480 1864 554 1924 opus
574 1854 662 1921 esset,
685 1855 822 1922 tanquam
844 1849 935 1906 linum
960 1848 1099 1906 radicitus
1124 1849 1260 1906 evellere
1287 1867 1408 1908 necem

286 1936 361 1988 erat.
401 1929 483 1988 Unde
504 1925 645 2004 ἅνθέροκα
664 1925 794 2003 θερίζειν
814 1926 893 1986 idem
907 1925 1027 1984 sonabat
1041 1943 1076 1984 ac
1090 1945 1202 2004 ορονοοο
1219 1929 1350 2004 perdere,
1364 1930 1408 1986 rel

284 2008 435 2067 obsordm
448 2005 573 2086 aggredi.
614 2005 659 2062 lid
684 2009 781 2063 varios
805 2022 882 2072 usus,
907 2011 1041 2081 tanquam
1058 2009 1179 2078 vimina,
1195 2003 1279 2062 fimus
1302 2009 1367 2064 scil.
1380 2015 1409 2064 et

159 2153 165 2166 .
285 2088 350 2144 sole
358 2090 493 2158 siccatus,
501 2086 571 2142 olim
581 2083 730 2142 adhibitus
739 2082 827 2141 finisse
836 2085 965 2158 videtur,
976 2102 1004 2141 e.
1014 2103 1043 2161 g.
1052 2084 1088 2140 ad
1098 2103 1192 2142 masur
1202 2084 1407 2144 conficiendas.

279 2165 397 2225 -Snsdet
424 2169 514 2223 etiam
537 2164 737 2238 Hippocrates
761 2170 793 2220 ut
815 2162 1016 2235 manducetur,
1039 2162 1277 2220 adiudicandum
1292 2170 1406 2222 rosiom

286 2245 352 2302 inde
366 2245 479 2302 orituri
502 2250 598 2299 utrum
620 2245 727 2300 ossium
743 2245 850 2316 capitis
872 2242 932 2298 ullu
951 2243 989 2298 sit
1008 2258 1101 2300 necue
1120 2240 1259 2299 fructura.
1301 2241 1406 2320 Asplr,

263 2322 361 2380 -unde
374 2319 569 2398 α’κριδοθήρα,
580 2327 625 2376 est
638 2321 757 2378 Locmtu
771 2321 920 2397 plerisque
933 2341 940 2390 3
963 2319 1076 2397 Gryltus
1090 2322 1172 2382 lium
1193 2321 1280 2401 Angl.
1311 2321 1407 2380 Gnes-

284 2395 399 2480 dopper,
414 2418 448 2457 or
462 2398 571 2456 Locuet.
593 2399 801 2456 Romsaronn.
1159 2447 1161 2450 .

326 2486 373 2537 55.
397 2479 514 2538 Ilurco?
523 2480 550 2536 δ’
561 2475 758 2554 epulaturae]
780 2478 862 2554 Virg.
883 2477 922 2536 Et
931 2477 1009 2536 molli
1017 2476 1121 2536 circen
1131 2488 1259 2536 nicusus
1269 2481 1406 2558 coaptem

284 2559 411 2616 acantho.
432 2557 495 2615 Ecl.
511 2559 553 2615 iii.
569 2563 625 2617 ab„
652 2557 710 2614 Per
722 2555 803 2629 apol
818 2556 922 2629 δέπας,
937 2572 992 2631 pro
1014 2574 1072 2632 quo
1095 2557 1242 2614 substituit
1265 2558 1406 2634 Virgilius

285 2638 384 2710 duros,
400 2637 518 2695 videtur
531 2643 631 2692 noster
645 2635 815 2712 intelligere
831 2655 895 2694 oras
908 2639 985 2692 sive¹
1006 2653 1143 2772 afflinem
1156 2636 1264 2710 poculi.
1297 2636 1407 2695 'Potum

285 2734 339 2775 vas
363 2715 530 2792 intelligunt
552 2713 888 2792 scholiastae—‘Yypdr
917 2721 962 2770 est
973 2714 1005 2792 fl
1044 2711 1122 2770 ''ie
1153 2715 1293 2772 Wsnros.
1337 2716 1406 2772 Vide

286 2794 412 2854 lufrdad
428 2793 509 2860 Pina.
530 2793 616 2869 Pyrh.
636 2794 657 2849 l.
686 2798 729 2851 tt.
756 2811 785 2868 p.
812 2799 878 2850 277.
919 2791 1056 2855 annosos
1079 2798 1124 2849 est
1147 2791 1288 2850 temdus
1307 2795 1407 2865 nullis,

285 2871 681 2947 circumterminat
703 2872 802 2930 Beor’r
815 2871 927 2929 beel.-
947 2871 1029 2946 cujus
1053 2868 1123 2928 solis
1145 2871 1234 2946 saepe
1257 2872 1408 2948 sculptori

284 2951 489 3019 imitabantur;
510 2954 542 3008 et
568 2954 763 3026 praecipuum
792 2950 911 3025 quidem
944 2955 1146 3008 ornamentum
1178 2955 1245 3008 suut
1275 2953 1408 3027 capitelli

285 3028 477 3089 Corinthiaci.
500 3030 706 3086 Rornansosn.
740 3027 756 3049 ''
767 3029 915 3102 dorotheo,
930 3048 964 3086 or
979 3027 1155 3106 Bncr’rsoot.
1175 3027 1208 3085 Ρ.

277 3153 281 3160 .
326 3112 373 3165 56.
395 3105 538 3166 anneto
552 3125 586 3164 es
600 3104 732 3185 θάψω]
753 3107 855 3182 Recte,
870 3111 1005 3182 quoniam
1023 3113 1112 3164 nauta
1132 3110 1196 3166 sire
1218 3109 1408 3180 mercationi

286 3203 343 3262 quo
358 3204 440 3245 soum
455 3187 528 3246 illud
542 3187 680 3260 poculum
694 3191 809 3244 emerat
824 3181 987 3262 aliqnando,
1002 3191 1113 3244 tuntum
1130 3189 1200 3244 artis
1218 3186 1408 3245 admiranda

285 3267 463 3341 prodigium,
477 3279 506 3324 ut
526 3265 670 3343 Thyrside
684 3265 754 3323 iilud
768 3275 884 3322 mntem
892 3263 1080 3343 stupefaceret,
1091 3260 1145 3323 thir
1155 3264 1336 3340 Calydonius
1347 3272 1408 3324 sire

285 3346 431 3403 Aeolicus.
474 3345 548 3402 Vide
565 3345 662 3402 Schol.
677 3343 803 3401 Casaub.
818 3350 849 3401 et
863 3347 1042 3418 interpretes
1057 3343 1094 3400 ad
1104 3343 1132 3400 h.
1145 3345 1163 3401 l.
1175 3349 1263 3419 atque
1276 3343 1409 3422 Hesych

284 3425 348 3482 snb.
377 3425 406 3481 h.
434 3443 463 3482 r.
493 3423 592 3497 ibique
620 3424 825 3480 Alberti.-cu
847 3419 936 3501 (Dor.
962 3439 1015 3496 pro
1045 3421 1091 3502 os)
1115 3423 1216 3494 θυμόν
1246 3422 1329 3502 (erle
1355 3425 1410 3494 oris

241 3499 244 3505 ’
282 3501 424 3561 clusores
452 3502 585 3576 explicat
618 3498 810 3580 Scholiastes)
852 3519 933 3558 more
963 3499 1086 3558 Homeri
1120 3501 1306 3576 aliorumque
1343 3510 1412 3578 poc·

286 3587 382 3640 tarum
396 3581 468 3639 dixit
483 3579 672 3640 Theocritus.
695 3579 820 3638 Hamas.
841 3578 960 3652 θοίημα,
975 3579 1048 3637 Dor.
1062 3597 1118 3654 pro
1135 3579 1246 3652 θέαμα.
1262 3577 1413 3654 ''driffen

286 3667 346 3736 opt.
362 3657 527 3794 eupsetet]
542 3656 652 3730 θυμόν.
674 3658 706 3715 Ρ.

326 3744 374 3797 57.
426 3738 504 3814 ῶ-]
525 3737 599 3795 Dor.
613 3755 670 3812 pro
684 3738 752 3809 τοῦ,
768 3736 844 3812 quod
861 3735 938 3792 idem
951 3741 997 3793 est
1011 3735 1059 3793 hic
1072 3754 1109 3794 ac
1124 3734 1243 3808 eodum,
1256 3743 1291 3794 et
1305 3737 1414 3796 subsu-

285 3817 366 3874 ditur
377 3814 463 3890 αότί,
478 3816 554 3893 qood
569 3835 609 3873 vu
645 3813 655 3829 “
672 3815 704 3872 fit
718 3818 747 3872 in
761 3815 956 3874 locutionibus
970 3815 1090 3872 emendi
1101 3833 1137 3872 ac
1151 3815 1311 3874 vendendi.

325 3899 373 3953 58.
393 3891 583 3971 denotem
634 3912 691 3969 γαν
706 3895 821 3951 λευκοῖο
833 3890 1009 3968 pollueras]
1025 3889 1142 3970 τυρόεις
1157 3900 1204 3950 est
1217 3892 1413 3969 adjectivum,

284 3975 318 4030 ct
328 3974 525 4050 supplendum
537 3971 646 4048 dipese-
658 3971 774 4048 τυρόεις
789 3968 939 4045 γάλακτος
955 3973 1046 4048 igitur
1058 3979 1116 4029 uon
1133 3978 1180 4030 est
1201 3990 1295 4030 cums
1319 3971 1413 4044 lectu,

283 4051 338 4108 sed
360 4053 490 4129 placento
512 4068 546 4107 ec
564 4069 641 4107 caseo
659 4061 684 4108 et
703 4052 772 4108 locte
793 4049 1042 4146 mutificorpkctc.
1065 4067 1093 4108 v.
1120 4049 1265 4108 Valchsu.
1283 4050 1413 4110 Hennes

283 4129 443 4207 τιφόεντα,
456 4123 530 4186 dure*
545 4130 600 4187 cusi
614 4130 708 4206 τυρόν
720 4127 825 4203 μέγαν,
838 4125 903 4186 dud
915 4129 1067 4204 yolaesur
1089 4131 1205 4188 λευκοῦ.
1226 4129 1318 4188 &tot
1331 4147 1412 4205 quae

285 4213 388 4266 verior
400 4206 527 4281 videtur,
541 4212 609 4283 quia
622 4209 794 4282 simplicior,
810 4209 1026 4283 interpretatio.

321 4291 371 4346 59.
395 4287 467 4349 Orld’
489 4287 537 4345 ἔτι
564 4305 609 4346 nu
627 4283 702 4344 noel
727 4287 826 4361 χεῖλος
848 4284 1091 4366 &perdebam-1
1110 4288 1130 4345 i.
1151 4305 1178 4352 a.
1216 4287 1347 4350 vostro
1360 4287 1410 4344 sn
