3034 5217
534 706 882 784 PRAEFATIO

446 960 661 1077 rnronrs
696 962 976 1039 nnrrronrs

659 1236 758 1277 ¹..-.'..''

181 1460 308 1539 FUIT
332 1459 466 1563 jamdiu
494 1459 579 1535 mihi
604 1461 916 1565 persuasissimum,
942 1461 1027 1537 nihil
1053 1463 1099 1537 ad
1125 1478 1284 1539 aetatem

12 1670 13 1673 Ἴ
132 1589 326 1691 juvenilem
352 1590 439 1661 vera
463 1586 621 1687 Linguae
649 1586 814 1661 Graecae
838 1588 1033 1687 cognitione
1058 1589 1285 1665 imbuendam

137 1716 211 1817 plus
229 1714 451 1803 collaturum,
473 1718 578 1815 quam
605 1726 644 1785 ut
672 1712 946 1814 Praeceptum,
972 1715 1154 1817 perpetuis
1180 1717 1286 1791 inter-

12 1840 13 1865 l
137 1840 392 1943 pretationibus
420 1837 555 1912 Latinis
581 1838 788 1942 repudiatis,
811 1840 1073 1916 annotationum
1104 1844 1286 1947 philologi·

136 1992 256 2041 earum
278 1992 379 2038 usum
397 1963 620 2065 adoptarent.
671 1962 745 2037 Sed
763 1961 822 2037 vix
842 1963 937 2065 prius
955 1966 1127 2067 ejusmodi
1145 1983 1287 2042 annota-

138 2091 250 2165 tiones
267 2088 303 2163 in
320 2088 503 2190 Excerpta
520 2114 565 2161 ex
582 2086 701 2161 Poetis
719 2087 869 2161 Graecis
887 2089 944 2164 vel
963 2090 1114 2190 seligere
1132 2093 1191 2167 vel
1208 2120 1288 2167 con·

12 2214 13 2217 ¹
138 2216 293 2293 scribere
318 2215 548 2306 institueram,
573 2219 680 2315 quam
696 2212 818 2289 statim
833 2215 1015 2307 senserim,
1038 2244 1182 2291 necesse
1206 2220 1286 2293 lore

139 2357 175 2417 nt
202 2370 265 2415 eas
292 2343 403 2417 multo
430 2340 654 2443 copiosiores,
677 2345 784 2441 quam
807 2368 898 2441 quae
923 2340 957 2414 in
975 2342 1093 2445 priore
1110 2345 1287 2421 volumine

139 2467 338 2570 Scriptores
362 2464 527 2541 orationis
552 2466 687 2541 solutae
719 2466 941 2557 comitantur,
968 2468 1188 2545 exhiberem
1238 2472 1289 2547 Et

140 2594 297 2695 quamvis
315 2592 444 2667 inficias
462 2591 513 2667 ire
531 2617 719 2692 nequeam,
735 2592 800 2665 sed
825 2591 941 2693 potius
957 2593 1081 2667 lubens
1106 2596 1289 2689 confitear,

12 2792 13 2813 ,
140 2718 476 2823 comprobationem,
492 2746 563 2819 qua
580 2730 751 2820 exceptus
769 2717 887 2791 luerat
906 2716 1010 2819 hujus
1037 2721 1157 2821 operis
1174 2736 1289 2797 tomus

12 2832 13 2901 3
140 2847 247 2950 prior,
257 2843 415 2919 effecisse
434 2857 473 2917 ut
490 2842 694 2945 posterioris
713 2841 904 2917 editionem
920 2839 1125 2918 detrectare
1140 2844 1289 2921 honeste

12 3028 13 3037 ,
139 3001 208 3047 non
233 3000 394 3074 possem3
423 2996 549 3071 magna
570 2982 690 3043 tamen
719 2967 849 3042 laboris
877 2967 1032 3069 suscepti
1048 2968 1233 3044 difficultas
1249 2983 1289 3044 et

12 3100 13 3137 ³
141 3112 329 3203 perpetua,
349 3124 420 3199 qua
442 3096 603 3184 tenebar,
624 3092 822 3168 sollicitudo
839 3122 894 3183 ne,
915 3093 1040 3194 quibus
1064 3094 1200 3198 priores
1219 3094 1289 3171 mei

140 3236 282 3299 conatus
302 3224 652 3329 placueranteorum
666 3249 767 3324 spem
779 3220 993 3309 frustrarer3
1012 3220 1172 3324 aliaeque
1184 3225 1290 3299 ratio·

139 3376 212 3441 nes,
221 3376 309 3451 quas
323 3374 625 3450 supervacaneum
638 3347 735 3422 foret
750 3348 809 3421 hle
823 3375 1045 3439 enumerare,
1057 3351 1168 3424 multo
1181 3353 1289 3453 majo-

141 3502 228 3564 rem,
243 3478 352 3575 quam
370 3472 569 3562 voluissem,
597 3474 698 3577 operi
725 3502 860 3549 moram
878 3475 1010 3551 fecere.
1062 3475 1167 3550 Hanc
1184 3476 1290 3576 igitur

140 3598 403 3672 exeusationem
432 3596 565 3687 faciles,
598 3612 637 3671 ut
668 3627 786 3702 spero,
820 3600 994 3700 accipient
1029 3599 1289 3701 Praeceptores

141 3725 389 3815 humanissimi,
412 3724 471 3827 qui
496 3752 552 3799 me
576 3752 643 3827 per
665 3727 834 3831 epistolas
858 3725 916 3799 vel
943 3724 1047 3796 aliter
1070 3741 1291 3818 monuerunt,

141 3852 306 3926 volumen
336 3851 405 3925 hoc
434 3850 585 3924 alterum
614 3879 653 3925 se
677 3843 893 3954 jampridem
923 3848 1291 3951 desiderare3-—quod

141 3978 384 4079 qualecunque
415 3977 559 4051 demum
585 3977 641 4069 sit,
668 3977 732 4051 illis
763 4004 852 4052 nuuc
880 3976 1024 4050 tandem
1050 3979 1187 4050 summa
1211 4003 1290 4052 cum

143 4100 368 4177 observantia
385 4102 540 4177 dicatum
557 4104 649 4178 volo.

191 4226 381 4301 Excnnrrr
406 4228 561 4320 Poe‘tica,
588 4257 679 4330 quae
709 4228 767 4302 hlc
798 4227 1022 4317 exhibentur,
1052 4228 1128 4329 ejus
1153 4235 1292 4328 generis

145 4364 232 4441 sunt,
250 4380 341 4451 quae
361 4352 405 4427 ad
425 4352 624 4428 afficiendos
643 4354 776 4428 animos
793 4354 968 4428 Juvenum
985 4353 1115 4427 Poetae
1132 4351 1293 4427 Graecos

146 4474 330 4553 evolvendi
344 4477 521 4553 desiderio
535 4478 715 4581 aptissima
731 4478 947 4554 viderentur.
987 4477 1101 4581 Typis
1114 4476 1294 4583 descripta
