3034 5217
378 613 565 695 NOTAE
593 615 995 698 PHILOLOGICAE

675 841 723 894 AD

375 1021 706 1111 EXGERPTA
729 1031 1022 1110 Huuolcn.

447 1382 469 1441 l.
490 1381 632 1442 NOTAE
656 1382 701 1442 IN
723 1381 934 1444 HOMERUM.

173 1539 243 1600 *ux
257 1539 406 1617 Homo]
428 1537 546 1599 Partem
560 1539 635 1597 banc
646 1540 770 1598 alteram
779 1539 866 1616 hujus
876 1537 1028 1612 Deiectus,
1038 1556 1113 1616 qnae
1124 1543 1170 1596 est
1179 1536 1251 1596 Poe·
1261 1542 1288 1598 3.

133 1625 203 1693 tica,
219 1618 413 1698 incipiendam
426 1618 560 1676 duximus
574 1618 591 1675 ai
603 1618 722 1686 selectis
736 1617 906 1695 quibusdam
920 1635 959 1675 ex
973 1617 1103 1694 Odysset
1116 1617 1250 1675 Homeri.

132 1699 222 1756 Nihil
237 1715 276 1756 ex
289 1697 380 1756 lliade
395 1695 442 1754 hic
461 1695 656 1771 exhibuimus,
671 1699 739 1773 qnia
766 1697 852 1772 buJ'us
877 1696 1060 1770 exemplaria
1081 1702 1251 1771 comparatu

132 1775 270 1834 faciliora
292 1781 358 1833 sunt
381 1793 466 1852 quam
488 1773 655 1852 Odysseae;
679 1781 711 1832 et
744 1777 939 1850 unusquisque
962 1773 1094 1850 Linguae
1116 1773 1251 1832 Graecae

133 1855 295 1928 Studiosus,
309 1859 454 1929 utcunque
469 1857 564 1911 tenuis
585 1857 623 1911 sit
640 1852 705 1928 ejus
724 1851 916 1925 bibliotheca,
934 1855 1078 1928 imprimis
1098 1852 1250 1928 possidere

132 1933 226 1991 debet
252 1933 406 2007 exemplar
432 1931 514 1991 Novi
542 1931 682 1990 Foederis
709 1930 841 2001 Graece;
869 1931 976 1988 deinde
999 1929 1096 1988 iliadis
1117 1929 1251 1989 Homeri.

131 2008 388 2083 Quemadmodum
402 2013 492 2086 igitur
505 2010 579 2069 nibil
594 2027 633 2067 er
651 2009 703 2068 illo
720 2013 749 2067 in
770 2013 912 2086 priorem,
933 2011 975 2066 ita
991 2007 1066 2066 nihil
1084 2027 1124 2069 ex
1145 2008 1202 2065 bac
1221 2012 1252 2066 in

132 2092 331 2166 posteriorem
345 2087 422 2146 hunc
437 2094 546 2147 tomum
560 2089 765 2146 transtulimus.

174 2167 263 2240 Quod
287 2167 323 2224 ad
345 2166 517 2242 Homerum,
532 2171 682 2224 auctorcm'
703 2172 734 2223 et
757 2167 855 2224 lliadis
873 2172 904 2223 et
924 2166 1084 2242 Odysseae,
1099 2168 1253 2240 attinet,is

132 2247 349 2322 antiquissimus
364 2249 492 2304 omnium
505 2249 681 2320 scriptorum
695 2244 888 2318 Graecorum,
903 2263 1026 2321 quorum
1041 2245 1101 2301 ulla
1110 2261 1203 2319 opera
1216 2243 1253 2302 ad

131 2330 234 2382 nostru
248 2330 381 2400 tempora
395 2341 573 2400 pervenere,
587 2323 736 2382 habendus
751 2331 804 2381 est
845 2325 931 2396 Quae
955 2327 1033 2380 enim
1055 2325 1253 2398 composuisse

132 2403 244 2461 dicitur
258 2401 404 2479 Orpheum,
422 2403 569 2476 Musaeus,
583 2403 682 2477 Linus,
699 2403 819 2478 aliique,
834 2406 884 2478 qui
900 2409 967 2461 ante
986 2401 1150 2459 Homerum
1170 2404 1253 2459 vixe-
1304 2405 1313 2434 ¹

132 2483 204 2554 rint,
220 2498 323 2538 eorum
336 2479 410 2539 nibil
425 2481 500 2556 quod
514 2486 673 2558 genuinum
687 2482 898 2540 aestimandum
913 2485 951 2539 sit
967 2478 1053 2538 bodie
1068 2485 1157 2538 extat
1193 2479 1255 2537 He·

131 2559 233 2617 sindus
255 2557 351 2616 forem
371 2559 502 2620 Homero
523 2557 579 2618 suit
600 2562 748 2636 aequalis,
770 2561 823 2619 sed
842 2563 894 2619 vix
915 2559 1052 2619 audiendi
1073 2565 1139 2616 sant
1160 2561 1182 2615 ii
1203 2561 1254 2634 qui

133 2638 219 2696 illum
234 2637 393 2714 perbibent
405 2642 605 2696 vetustiorem.

175 2715 284 2792 Neque
299 2715 446 2778 Homerus
461 2714 570 2774 tantdm
584 2724 736 2793 poetarum
757 2717 940 2775 Graecorum
962 2719 1175 2792 antiquissimus
1199 2722 1254 2788 est,

132 2791 240 2852 verbm
254 2798 344 2854 etiam
359 2797 486 2852 omnium
500 2801 652 2869 petitarum
666 2802 727 2854 tum
737 2802 874 2854 veterum
885 2803 945 2854 tum
956 2797 1154 2852 recentiorum
1168 2794 1254 2869 longe*

132 2876 417 2948 praestantissimum
440 2873 515 2931 unde
529 2877 669 2950 princeps
691 2877 821 2932 omnium
841 2875 1025 2931 saeculorum
1046 2877 1208 2946 poetarum,
1223 2878 1255 2928 et

133 2955 315 3027 praecipuus
336 2949 436 3026 Poiita,
450 2968 570 3026 semper
587 2951 703 3009 habitus
723 2951 779 3010 fuit
799 2959 831 3009 et
848 2953 949 3011 dictus.
990 2949 1197 3022 “Homerus”
1213 2953 1255 3006 ln·

132 3032 201 3104 quit
227 3029 346 3103 Cicero,
374 3033 529 3106 “propter
552 3031 770 3104 excellentiam,
798 3048 951 3088 commune
976 3035 1127 3104 poetarum
1149 3045 1255 3086 nomen

133 3107 244 3182 “apud
267 3107 397 3166 Graecos
419 3101 510 3166 efficit
530 3107 644 3166 suum.'’
685 3109 778 3188 [Tap
796 3127 862 3184 cap.
880 3108 938 3184 la]
973 3107 1011 3164 Et
1033 3107 1113 3180 alibi,
1135 3106 1255 3164 “Certe
1369 3167 1375 3174 ,

133 3187 270 3244 “similis
284 3203 371 3244 neme
385 3185 540 3244 Homeri.”
575 3186 637 3265 [De
659 3185 760 3246 Divin.
776 3188 826 3245 lib.
842 3192 871 3245 ii.
887 3206 951 3263 cap.
967 3186 1029 3263 ti]
1069 3187 1164 3261 Atque
1187 3185 1256 3243 Vel·

134 3263 214 3321 leius
230 3263 409 3338 Paterculue,
425 3265 460 3322 de
476 3265 581 3323 eodem
591 3267 720 3341 loquens,
731 3265 778 3324 his
788 3267 1005 3337 verbisutitur3
1026 3264 1256 3322 “Clarissimum

133 3345 156 3380 “
167 3341 333 3400 -Homeri
350 3344 446 3400 illuxit
460 3347 619 3419 ingenium,
633 3349 696 3404 sine
717 3347 856 3420 exemplo
878 3349 1053 3403 maximum:
1074 3346 1123 3418 qui
1145 3347 1256 3419 magni·

134 3420 269 3478 “tudine
285 3425 394 3497 operis,
410 3427 441 3478 et
455 3419 570 3498 fulgore
585 3427 746 3482 carminum
760 3425 838 3482 solos
859 3425 1004 3498 appellari
1025 3423 1115 3479 Poeta
1138 3425 1254 3479 meruit.

132 3501 156 3536 “
169 3499 202 3556 ln
216 3517 274 3574 quo
288 3498 345 3558 hoc
360 3503 518 3557 maximum
532 3509 587 3574 est,
601 3503 677 3576 quod
692 3520 788 3578 neque
802 3508 869 3559 ante
886 3504 978 3572 illum,
992 3518 1080 3574 quern
1095 3499 1146 3557 ille
1162 3503 1257 3556 imita·

133 3581 157 3614 ‘⁶
167 3584 260 3651 retur,
281 3595 376 3653 neque
399 3584 465 3654 post
489 3578 581 3652 illum,
604 3583 653 3654 qui
677 3599 745 3638 eum
768 3584 877 3637 imitari
900 3582 1000 3652 possit,
1024 3582 1159 3635 inuentus
1180 3577 1255 3634 est”

136 3655 216 3733 [Lib.
233 3660 252 3714 i.
267 3673 330 3732 cap.
347 3655 388 3732 5.]
417 3653 528 3713 Verdm
542 3659 694 3715 enimvero
709 3661 944 3732 praeconiorum,
959 3673 1033 3731 quae
1044 3655 1085 3712 de·
1097 3672 1134 3712 eo
1145 3659 1256 3730 antiqui

132 3737 297 3809 scriptores
311 3738 472 3793 memoriae
487 3735 691 3809 prodiderunt,
703 3737 752 3793 vel
768 3753 842 3811 quae
854 3737 883 3792 ei
894 3733 1133 3791 &recentioribus
1147 3733 1256 3791 tributa

133 3820 213 3885 suut,
228 3829 364 3888 magnum
380 3813 508 3888 aliquem
521 3831 675 3871 numerum
694 3811 741 3871 hic
765 3812 901 3889 proferre
922 3815 1008 3869 nimis
1029 3809 1107 3870 soret
1126 3813 1255 3887 longum,

133 3897 170 3947 et
189 3891 226 3948 ab
246 3893 377 3949 instituto
397 3897 495 3948 nostro
517 3893 653 3950 alienum.
694 3891 805 3948 Eorum
828 3891 954 3967 amplam
975 3907 1100 3948 messem
1124 3893 1257 3948 inveniet

132 3969 233 4026 lector
257 3973 388 4028 curiosus
414 3969 450 4026 ad
475 3967 564 4027 finem
583 3969 795 4045 Gnomologiae
820 3969 955 4042 Homeri,
978 3984 1035 4044 per
1058 3968 1255 4027 doctissimum

132 4045 280 4106 Jacobum
294 4047 470 4124 Duportnm.
511 4047 685 4124 Quicunque
701 4056 800 4107 autem
814 4049 938 4106 Homeri
952 4048 1159 4105 excellentiam
1173 4051 1257 4122 peni·
1347 4047 1354 4061 '

132 4122 182 4182 tris
196 4141 375 4202 cognoscere
390 4129 482 4202 cupit,
498 4131 521 4184 is
535 4131 631 4204 potius
642 4131 796 4203 praecipui
808 4131 898 4204 ipsius
912 4126 1019 4184 Poetae
1031 4143 1123 4201 opera
1132 4125 1256 4202 diligen·

131 4207 186 4260 ter
198 4209 379 4278 perscrutari
393 4203 490 4262 debet.
532 4205 600 4264 Sine
616 4205 720 4262 borum
735 4209 836 4264 intimi
849 4209 1015 4281 cognitione
1027 4221 1114 4260 nemo
1124 4203 1255 4263 eruditus

131 4280 244 4341 meritd
257 4282 362 4340 haberi
376 4287 480 4359 potest
522 4284 582 4356 Qui
597 4283 721 4342 Homeri
736 4291 870 4361 poemata
884 4288 1008 4362 ignorat,
1018 4281 1162 4342 nibilserd
1173 4283 1256 4340 nouit

132 4358 175 4416 de
189 4365 312 4419 vetustis
326 4361 424 4420 mundi
438 4363 626 4436 temporibus.

177 4437 281 4496 Liceat
295 4443 385 4517 igitur
398 4440 481 4498 nobis
501 4440 657 4498 studiosam
674 4440 868 4517 juventatem¹
882 4442 1048 4515 obsecrare,
1062 4447 1094 4498 ut
1113 4458 1255 4500 summam

133 4519 329 4577 attentionem
343 4517 480 4576 adhibeat
494 4521 606 4598 ingenii
619 4523 812 4580 monumentis
826 4539 901 4598 qaae
916 4526 1072 4596 supersunt
1091 4523 1256 4596 exquisitis-
