3034 5217
429 334 574 397 NOTAE
593 333 638 394 IN
668 333 884 394 HESlODUM.
1180 335 1219 393 bb

407 611 443 670 11.
463 609 607 670 NOTAE
627 609 673 669 IN
694 607 912 670 HESIODUM.

133 772 151 808 ¹⁸¹
172 769 217 830 Ex
231 767 386 847 Hesiona]
428 769 574 827 Hesiodus
596 774 684 845 poeta
698 766 754 826 suit
769 769 984 843 antiquissimus
1003 768 1034 821 et
1058 763 1276 824 celeberri-b'l.

93 869 168 925 mus,
185 853 329 907 Ascraeus
343 846 433 924 vulgo
446 849 550 922 dictus,
572 848 661 927 [Vide
683 847 767 924 Virg.
793 845 882 904 Geor.
898 849 929 918 ii,
955 847 1018 901 176.
1044 849 1076 901 et
1099 843 1162 902 Ecl.
1178 850 1220 921 vi,

94 931 157 1006 aa]
180 929 217 985 ab
228 930 321 985 'Ascra
337 927 479 986 Boeotiae
494 932 572 1001 vico,
597 929 633 984 ad
655 927 770 984 radices
784 927 889 984 montis
905 923 1072 982 Heliconis:
1093 926 1157 980 sive
1180 925 1222 984 ibi

92 1016 189 1080 uatus,
203 1025 258 1064 seu
272 1007 413 1064 educatus
427 1005 547 1079 tantum,
572 1012 724 1082 postquam
746 1009 834 1082 pater
858 1003 874 1062 ὲ
899 1003 1001 1076 Cuma,
1030 1002 1221 1062 Aeolicamm

91 1090 213 1145 urbium
228 1087 294 1158 uns,
308 1103 383 1160 quae
399 1086 486 1161 hujus
499 1088 597 1162 patria
611 1091 686 1157 erat,
701 1087 821 1142 Ascram
837 1084 1009 1159 migrisset:
1030 1080 1067 1138 de
1093 1100 1150 1157 qua
1167 1086 1221 1142 mi-

92 1169 230 1244 gratioue
246 1164 392 1222 Hesiodus
407 1168 470 1240 ipse
486 1166 568 1222 nobis
582 1171 691 1222 namat.
727 1161 816 1241 [Epy.
832 1159 883 1219 καὶ
895 1159 1004 1238 Ἡμέρ.
1019 1178 1048 1218 v.
1063 1163 1132 1234 633,
1143 1161 1219 1238 sqq.]

92 1245 192 1303 Patris
206 1251 304 1300 autem
318 1261 425 1304 nomen
439 1243 526 1317 Dius,
542 1243 645 1301 Hatris
660 1242 821 1319 Pycimede
836 1240 923 1298 fuisse
945 1240 1060 1297 dicitur.
1104 1240 1221 1317 Scripta

91 1324 158 1400 ejus
172 1325 396 1380 remotissimam
410 1323 547 1379 redolent
568 1325 790 1396 antiquitatem
811 1321 863 1378 sed
885 1323 1030 1378 incertum
1053 1316 1148 1376 adhdc
1174 1326 1220 1380 est

91 1419 152 1478 quo
176 1407 311 1476 tempore
340 1399 519 1476 potissimdm
545 1404 663 1458 vixerit.
711 1402 822 1458 Auctor
849 1399 1004 1456 lilarmoris
1027 1397 1219 1458 Aruudeliani

90 1499 162 1538 eum
177 1485 215 1536 37
232 1483 313 1536 aunis
329 1479 401 1537 facit
412 1483 608 1556 antiquiorem
630 1479 782 1548 Homero;
803 1479 855 1536 alii
879 1495 931 1534 eos
953 1476 1092 1552 aequales
1117 1474 1218 1554 siriae,

90 1561 144 1616 alii
161 1557 324 1616 Homerum
339 1558 469 1616 Hesiodo
485 1557 569 1634 longe
584 1562 777 1615 vetustiorem
797 1553 948 1614 affirmant.
990 1553 1044 1612 Ην
1067 1551 1100 1612 δὲ
1123 1555 1220 1631 ‘Opsi-

88 1657 151 1714 ρον,
163 1631 257 1712 iuquit
271 1637 383 1710 Suidas,
395 1634 476 1695 κατά
490 1655 587 1709 τινας,
601 1635 801 1714 aprutium·
824 1636 905 1692 saro?
918 1632 951 1692 δὲ
965 1634 1087 1708 ἄλλους,
1097 1633 1219 1714 σύγχρο-

92 1735 149 1779 νσς.
193 1713 360 1792 Hoppripsoc
391 1714 442 1773 sal
468 1716 555 1774 ἄλλοι
585 1717 720 1773 πλεῖστοι
755 1714 896 1792 νεώτερον
929 1713 1044 1772 ἑκατόν
1071 1715 1217 1774 ἐνιαυτῶν

89 1795 226 1872 ὁρίζουσι.
267 1794 336 1851 Νον
352 1802 482 1852 nostrum
496 1802 542 1853 est
555 1794 602 1852 bic
618 1795 675 1852 ioci
691 1800 784 1851 tantas
807 1793 875 1851 lites
899 1809 1079 1868 componere
1104 1799 1216 1854 conari.

90 1873 203 1932 Eorum
217 1876 359 1948 opinioni,
373 1877 423 1950 qul
447 1873 610 1932 Homerum
634 1876 784 1930 seniorem
809 1871 941 1930 Hesiodo
964 1876 1103 1944 statuunt,
1130 1890 1217 1949 quae,

89 1959 168 2012 teste
184 1951 268 2008 Joan.
284 1951 354 2010 Ger.
371 1953 484 2025 Vossio,
500 1952 563 2031 [De
579 1951 676 2010 Poetis
691 1951 742 2008 Gr.
757 1969 823 2027 cap.
840 1950 883 2026 ii]
900 1951 1028 2026 plurium
1048 1957 1104 2024 est,
1119 1951 1217 2027 potitis

87 2033 328 2108 acquiescamus3
348 2033 389 2088 ita
402 2037 499 2090 tamen
515 2037 547 2089 ut
561 2029 645 2105 hujus
655 2030 795 2106 juventus
809 2033 838 2087 in
853 2031 928 2087 illius
948 2035 1132 2087 senectutem
1146 2032 1217 2090 inci·

86 2111 162 2167 dere
178 2112 329 2184 potuisset
368 2111 458 2246 qvide
473 2110 563 2186 supra
575 2109 611 2166 ad
625 2126 654 2185 p.
669 2115 698 2166 3.
713 2115 745 2166 et
758 2109 826 2166 Fab.
843 2107 906 2166 Bib.
922 2107 973 2166 Gr.
989 2107 1054 2166 Vol.
1074 2107 1095 2164 l.
1119 2125 1148 2184 p.
1168 2113 1216 2170 96.

84 2189 159 2246 edit
175 2189 307 2264 Harles]
342 2190 367 2247 A
414 2189 489 2246 banc
511 2195 609 2246 tamen
634 2206 698 2245 rem
713 2188 849 2246 tuendam
874 2187 986 2246 nullum
1011 2194 1216 2263 argumentum

84 2267 220 2324 derivari
234 2267 325 2324 debet
339 2267 355 2324 ai
369 2268 494 2343 quodam
508 2268 618 2339 libello,
633 2269 682 2343 qui
695 2265 781 2324 hodie
792 2273 884 2340 extat,
898 2269 945 2324 cui
960 2267 1069 2340 titulus,
1082 2265 1217 2344 Ὀμήρου

84 2346 141 2403 καὶ
153 2343 298 2404 ‘Hauon
310 2347 400 2422 αἰγῶν,
415 2365 501 2422 quem
515 2346 630 2403 Graece
644 2349 755 2422 primus
770 2345 860 2403 edidit
883 2345 1097 2403 celeberrimus
1120 2343 1214 2405 Heur.

82 2425 268 2500 Stephanus,
283 2427 343 2503 [an.
362 2431 447 2500 1573,
462 2428 491 2482 in
506 2424 587 2501 tivo]
603 2431 634 2481 et
649 2426 698 2500 qui
711 2427 842 2482 continet
861 2426 1058 2482 narrationem
1079 2427 1215 2484 certami-

79 2503 630 2660 ttarlttttllttlaitata
644 2505 748 2640 atil
762 2501 1215 2642 destultissima

289 2623 298 2654 '
749 2626 757 2639 ο
1202 2609 1215 2629 ό

78 2679 207 2720 versam
222 2661 307 2736 hujus
317 2666 509 2736 contentionis
523 2663 675 2721 historiam
690 2664 818 2737 ipriscis
832 2661 1035 2720 Grammaticis
1045 2657 1133 2718 fuisse
1145 2679 1214 2720 con·

76 2740 195 2798 fictam.
238 2741 306 2799 Nec
321 2741 462 2817 majorem
478 2741 565 2798 tidem
580 2746 713 2798 meretur
726 2741 801 2799 istud
816 2741 851 2796 de
869 2739 924 2797 bac
939 2757 972 2798 re
988 2741 1170 2815 epigramma
1182 2743 1214 2798 in

75 2820 282 2896 Antbologia:
312 2821 394 2898 [edit.
421 2821 556 2878 Wecbel.
578 2839 607 2895 p.
628 2823 695 2878 390.
717 2827 749 2877 et
774 2819 901 2876 Bruucli.
923 2818 1055 2876 Aualect
1077 2817 1141 2874 Vol.
1170 2820 1211 2878 iil.

74 2917 107 2974 p.
127 2897 214 2974 tau]
235 2895 355 2956 “Anon.
374 2904 438 2957 151.

241 3054 379 3119 Ἡσίοδος
395 3053 531 3119 Μούσαις
544 3054 720 3114 Ἑλικωνίσι
735 3053 820 3114 ao'vd'
835 3053 992 3131 ἀνέθηκεν,

241 3133 347 3208 Ὕμνῳ
361 3133 486 3208 νικήσας
501 3137 534 3192 ἐν
549 3134 689 3194 Χαλκίδι
704 3135 789 3194 θεῖον
801 3133 943 3212 Ὅμηρον.

67 3291 246 3368 Cujusdam
274 3292 390 3367 quidem
418 3310 475 3350 non
498 3294 635 3352 absimilis
658 3295 824 3352 certaminis
852 3296 1031 3356 mentionem
1055 3295 1125 3354 iacit
1145 3292 1209 3370 lpse

66 3370 249 3438 Hesiodum
272 3371 361 3449 [Epy.
377 3369 429 3429 καὶ
441 3371 549 3449 Ἧμέρ.
564 3392 592 3431 r.
608 3373 690 3449 651]
705 3373 757 3430 sed
780 3373 816 3430 de
840 3371 972 3432 Homero
987 3373 1004 3431 ai
1025 3391 1057 3432 se
1076 3377 1155 3433 victo
1170 3391 1208 3432 ne

64 3452 126 3508 vel
144 3465 241 3505 unum
255 3451 378 3508 verbum
393 3449 523 3526 profert:
545 3470 601 3508 nec
616 3453 734 3528 quidem
749 3453 891 3510 credibile
907 3461 951 3509 est
972 3451 1136 3510 Hesiodum
1158 3471 1209 3510 uu-

62 3532 168 3606 quam
182 3530 214 3583 iu
227 3527 280 3585 tali
294 3531 480 3587 contentione
495 3531 532 3587 ab
546 3532 766 3605 incomparabili
782 3531 913 3587 Homero
928 3533 1081 3588 victoriam
1106 3546 1210 3605 repor-

61 3611 167 3666 tdsoe.
211 3604 387 3683 Quanquam
415 3614 514 3666 autem
535 3608 691 3682 Hesiodus,
712 3611 740 3666 iu
772 3609 902 3665 omnibus
931 3608 1097 3683 virtutibus,
1131 3627 1207 3685 quae

57 3702 228 3745 summum
243 3692 359 3759 poetam
372 3688 559 3760 constituunt,
573 3687 706 3746 Homero
721 3685 810 3762 longe
833 3690 871 3744 sit
893 3682 1023 3760 inferior,
1037 3705 1094 3745 nou
1110 3694 1209 3746 tarum

57 3767 187 3824 desunt
201 3769 233 3818 et
246 3781 299 3820 soa
312 3768 418 3822 merita
431 3768 560 3823 Ascraeo
581 3769 658 3836 vati;
680 3766 716 3822 de
740 3783 797 3842 qun
819 3765 1040 3839 quinctilianus,
1065 3771 1084 3803 “
1096 3765 1207 3840 Raro,”

53 3845 181 3920 inquit,
208 3845 363 3920 “assurgit
385 3844 541 3917 Hesiodus,
569 3861 730 3920 magnaque
755 3861 824 3920 pars
846 3843 910 3918 ejus
934 3846 961 3901 in
987 3845 1147 3904 nominibus
1162 3850 1209 3906 est

52 3929 81 3963 “
94 3927 270 3995 occupata.
311 3921 427 3980 Tamen
448 3924 534 3980 utiles
556 3926 635 3980 circa
656 3929 821 4000 praecepta
844 3926 1017 3998 sententiae,
1041 3924 1206 4001 lenitasque

51 4009 77 4042 “
92 3998 287 4072 verborum,
302 4005 334 4057 et
347 4003 563 4077 compositionis
577 4002 753 4077 probabilis:
775 4002 916 4077 daturque
942 4005 971 4060 el
994 4005 1093 4079 palma
1110 4005 1139 4060 in
1155 4003 1206 4062 illo

50 4089 75 4122 “
90 4075 211 4140 medio
226 4095 339 4153 genere
355 4079 500 4138 dicendi.”
541 4080 618 4158 [Lib.
632 4099 661 4142 x.
676 4098 742 4157 cap.
760 4079 800 4156 1.]
835 4079 970 4138 Jucundd
989 4083 1121 4140 dictionis
1141 4085 1207 4140 sim·

45 4161 215 4241 plicitate
231 4158 392 4232 praecipue
406 4158 642 4216 commendabilis
656 4167 702 4216 est
726 4159 891 4217 Hesiodus:
911 4162 954 4216 sin
980 4166 1079 4220 autem
1100 4161 1206 4220 Fabius

46 4257 139 4300 eum
159 4234 312 4310 nunquam
326 4253 390 4294 assu
447 4253 480 4296 re
495 4235 675 4311 affirmasset,
686 4238 722 4295 ad
736 4239 864 4298 lectores
882 4235 1118 4314 Titoaomocbs'ae,
1129 4259 1205 4320 quae

42 4319 154 4380 tauta
171 4313 352 4371 sublimitate
367 4318 397 4372 in
442 4317 587 4395 beogonii
603 4316 787 4390 describitur,
811 4320 1005 4393 potuissemus
1028 4337 1205 4396 provocare.

41 4402 162 4474 Quae
187 4397 293 4449 extant
313 4392 435 4454 Hesiodi
455 4403 523 4457 sunt
540 4393 625 4473 Epya
641 4393 694 4457 sai
710 4394 854 4474 Ἡμέραι,
878 4393 1025 4472 Θεογννία,
1046 4404 1077 4456 et
1103 4393 1204 4462 ,sonte

36 4469 275 4557 Ἡρακλέους.
317 4471 460 4534 Nonnulli
476 4481 574 4536 umen
589 4475 721 4534 dubitant
734 4493 771 4534 an
793 4476 904 4534 Sauara
927 4474 1056 4536 Herculis
1074 4495 1107 4536 re
1132 4478 1206 4536 vert

35 4565 86 4620 ait
103 4557 130 4616 ὁ
148 4565 248 4612 manu
262 4548 405 4613 Hesiodi:
427 4561 515 4633 atque
530 4553 560 4613 ld
573 4555 657 4614 multi
670 4555 707 4613 ab
721 4553 891 4632 enprorsus
905 4555 1078 4634 abjudicant
1110 4555 1205 4638 Opem
