<?xml version="1.0" encoding="UTF-8"?>
<!DOCTYPE html PUBLIC "-//W3C//DTD XHTML 1.0 Transitional//EN"
    "http://www.w3.org/TR/xhtml1/DTD/xhtml1-transitional.dtd">
<html xmlns="http://www.w3.org/1999/xhtml" xml:lang="en" lang="en">
 <head>
  <title>
</title>
<meta http-equiv="Content-Type" content="text/html;charset=utf-8" />
  <meta name='ocr-system' content='tesseract 3.04.00' />
  <meta name='ocr-capabilities' content='ocr_page ocr_carea ocr_par ocr_line ocrx_word'/>
</head>
<body>
  <div class='ocr_page' id='page_1' title='image "./analektahellnik09dalzgoog_0010.png"; bbox 0 0 3034 5217; ppageno 0'>
   <div class='ocr_carea' id='block_1_1' title="bbox 167 1252 383 1265">
    <p class='ocr_par' dir='ltr' id='par_1_1' title="bbox 167 1252 383 1265">
     <span class='ocr_line' id='line_1_1' title="bbox 167 1252 383 1265; baseline 0.009 -3"><span class='ocrx_word' id='word_1_1' title='bbox 167 1252 383 1265; x_wconf 72' lang='lat'><em>--—-</em></span> 
     </span>
    </p>
   </div>
   <div class='ocr_carea' id='block_1_2' title="bbox 220 1333 1406 3291">
    <p class='ocr_par' dir='ltr' id='par_1_2' title="bbox 224 1333 1361 1698">
     <span class='ocr_line' id='line_1_2' title="bbox 224 1333 1361 1448; baseline 0.013 -41"><span class='ocrx_word' id='word_1_2' title='bbox 224 1333 345 1408; x_wconf 76' lang='lat' dir='ltr'><em>CUM</em></span> <span class='ocrx_word' id='word_1_3' title='bbox 367 1362 420 1407; x_wconf 81' lang='lat' dir='ltr'><em>res</em></span> <span class='ocrx_word' id='word_1_4' title='bbox 443 1349 560 1437; x_wconf 85' lang='lat' dir='ltr'><em>gestae</em></span> <span class='ocrx_word' id='word_1_5' title='bbox 577 1350 607 1408; x_wconf 92' lang='lat' dir='ltr'><em>et</em></span> <span class='ocrx_word' id='word_1_6' title='bbox 621 1348 763 1429; x_wconf 79' lang='lat' dir='ltr'><em>comtos,</em></span> <span class='ocrx_word' id='word_1_7' title='bbox 778 1341 837 1439; x_wconf 85' lang='lat' dir='ltr'><em>qai</em></span> <span class='ocrx_word' id='word_1_8' title='bbox 877 1367 973 1413; x_wconf 84' lang='lat' dir='ltr'><em>verae</em></span> <span class='ocrx_word' id='word_1_9' title='bbox 989 1340 1168 1418; x_wconf 75' lang='lat' dir='ltr'><em>Historiae</em></span> <span class='ocrx_word' id='word_1_10' title='bbox 1185 1346 1361 1448; x_wconf 70' lang='lat' dir='ltr'><em>snbjiciun-</em></span> 
     </span>
     <span class='ocr_line' id='line_1_3' title="bbox 272 1462 1361 1568; baseline 0.013 -35"><span class='ocrx_word' id='word_1_11' title='bbox 272 1472 334 1550; x_wconf 80' lang='lat' dir='ltr'><em>tur,</em></span> <span class='ocrx_word' id='word_1_12' title='bbox 351 1484 416 1531; x_wconf 86' lang='lat' dir='ltr'><em>non</em></span> <span class='ocrx_word' id='word_1_13' title='bbox 431 1462 501 1533; x_wconf 84' lang='lat' dir='ltr'><em>sint</em></span> <span class='ocrx_word' id='word_1_14' title='bbox 522 1462 590 1561; x_wconf 85' lang='lat' dir='ltr'><em>ejus</em></span> <span class='ocrx_word' id='word_1_15' title='bbox 607 1463 845 1565; x_wconf 74' lang='lat' dir='ltr'><em>amplitudinis</em></span> <span class='ocrx_word' id='word_1_16' title='bbox 861 1467 898 1538; x_wconf 90' lang='lat' dir='ltr'><em>in</em></span> <span class='ocrx_word' id='word_1_17' title='bbox 914 1494 980 1568; x_wconf 80' lang='lat' dir='ltr'><em>qna</em></span> <span class='ocrx_word' id='word_1_18' title='bbox 998 1466 1113 1541; x_wconf 88' lang='lat' dir='ltr'><em>anima</em></span> <span class='ocrx_word' id='word_1_19' title='bbox 1129 1470 1277 1544; x_wconf 79' lang='lat' dir='ltr'><em>hnmana</em></span> <span class='ocrx_word' id='word_1_20' title='bbox 1292 1474 1361 1547; x_wconf 85' lang='lat' dir='ltr'><em>sibi</em></span> 
     </span>
     <span class='ocr_line' id='line_1_4' title="bbox 268 1584 1360 1698; baseline 0.012 -40"><span class='ocrx_word' id='word_1_21' title='bbox 268 1584 634 1695; x_wconf 43' lang='lat' dir='ltr'><em>satissaointppraesto</em></span> <span class='ocrx_word' id='word_1_22' title='bbox 661 1602 710 1661; x_wconf 86' lang='lat' dir='ltr'><em>cst</em></span> <span class='ocrx_word' id='word_1_23' title='bbox 728 1591 865 1680; x_wconf 61' lang='lat' dir='ltr'><em>Patisco,</em></span> <span class='ocrx_word' id='word_1_24' title='bbox 880 1618 964 1692; x_wconf 76' lang='lat' dir='ltr'><em>qaae</em></span> <span class='ocrx_word' id='word_1_25' title='bbox 976 1591 1082 1693; x_wconf 79' lang='lat' dir='ltr'><em>ficato</em></span> <span class='ocrx_word' id='word_1_26' title='bbox 1098 1597 1212 1698; x_wconf 78' lang='lat' dir='ltr'><em>magis</em></span> <span class='ocrx_word' id='word_1_27' title='bbox 1227 1599 1360 1671; x_wconf 78' lang='lat' dir='ltr'><em>heroico</em></span> 
     </span>
    </p>

    <p class='ocr_par' dir='ltr' id='par_1_3' title="bbox 135 1710 1360 1813">
     <span class='ocr_line' id='line_1_5' title="bbox 267 1710 1360 1813; baseline 0.011 -30.491"><span class='ocrx_word' id='word_1_28' title='bbox 267 1710 444 1813; x_wconf 75' lang='lat' dir='ltr'><em>confingat.</em></span> <span class='ocrx_word' id='word_1_29' title='bbox 499 1712 584 1785; x_wconf 88' lang='lat' dir='ltr'><em>Gnm</em></span> <span class='ocrx_word' id='word_1_30' title='bbox 610 1712 776 1787; x_wconf 75' lang='lat' dir='ltr'><em>Historia</em></span> <span class='ocrx_word' id='word_1_31' title='bbox 800 1741 880 1787; x_wconf 86' lang='lat' dir='ltr'><em>occa</em></span> <span class='ocrx_word' id='word_1_32' title='bbox 903 1742 1071 1791; x_wconf 71' lang='lat' dir='ltr'><strong><em>successus</em></strong></span> <span class='ocrx_word' id='word_1_33' title='bbox 1097 1744 1207 1793; x_wconf 71' lang='lat' dir='ltr'><em>cerum</em></span> <span class='ocrx_word' id='word_1_34' title='bbox 1223 1723 1360 1795; x_wconf 75' lang='lat' dir='ltr'><em>minimi</em></span> 
     </span>
    </p>

    <p class='ocr_par' dir='ltr' id='par_1_4' title="bbox 220 1824 1406 3291">
     <span class='ocr_line' id='line_1_6' title="bbox 220 1824 1359 1947; baseline 0.011 -39"><span class='ocrx_word' id='word_1_35' title='bbox 220 1836 224 1847; x_wconf 71' lang='grc'><em>’</em></span> <span class='ocrx_word' id='word_1_36' title='bbox 267 1846 331 1938; x_wconf 88' lang='lat' dir='ltr'><em>p&#39;ro</em></span> <span class='ocrx_word' id='word_1_37' title='bbox 349 1837 479 1909; x_wconf 88' lang='lat' dir='ltr'><em>meritis</em></span> <span class='ocrx_word' id='word_1_38' title='bbox 492 1838 654 1911; x_wconf 79' lang='lat' dir='ltr'><em>oictcc&#39;tnm</em></span> <span class='ocrx_word' id='word_1_39' title='bbox 671 1852 702 1912; x_wconf 90' lang='lat' dir='ltr'><em>ct</em></span> <span class='ocrx_word' id='word_1_40' title='bbox 717 1842 876 1913; x_wconf 82' lang='lat' dir='ltr'><em>scelernm</em></span> <span class='ocrx_word' id='word_1_41' title='bbox 887 1856 1011 1933; x_wconf 80' lang='lat' dir='ltr'><em>narret,</em></span> <span class='ocrx_word' id='word_1_42' title='bbox 1024 1846 1165 1947; x_wconf 81' lang='lat' dir='ltr'><em>corrigit</em></span> <span class='ocrx_word' id='word_1_43' title='bbox 1181 1824 1255 1920; x_wconf 81' lang='lat' dir='ltr'><em>eam</em></span> <span class='ocrx_word' id='word_1_44' title='bbox 1270 1846 1359 1921; x_wconf 76' lang='lat' dir='ltr'><em>Pot-</em></span> 
     </span>
     <span class='ocr_line' id='line_1_7' title="bbox 265 1961 1358 2073; baseline 0.01 -40"><span class='ocrx_word' id='word_1_45' title='bbox 265 1963 327 2051; x_wconf 79' lang='lat' dir='ltr'><em>sis‚</em></span> <span class='ocrx_word' id='word_1_46' title='bbox 355 1974 386 2033; x_wconf 90' lang='lat' dir='ltr'><em>et</em></span> <span class='ocrx_word' id='word_1_47' title='bbox 416 1962 522 2035; x_wconf 79' lang='lat' dir='ltr'><em>exitas</em></span> <span class='ocrx_word' id='word_1_48' title='bbox 549 1972 587 2034; x_wconf 87' lang='lat' dir='ltr'><em>&#39;et</em></span> <span class='ocrx_word' id='word_1_49' title='bbox 599 1961 770 2064; x_wconf 70' lang='lat' dir='ltr'><em>fortunas</em></span> <span class='ocrx_word' id='word_1_50' title='bbox 797 1966 975 2039; x_wconf 72' lang='lat' dir='ltr'><em>scandam</em></span> <span class='ocrx_word' id='word_1_51' title='bbox 1007 1969 1128 2042; x_wconf 86' lang='lat' dir='ltr'><em>merita</em></span> <span class='ocrx_word' id='word_1_52' title='bbox 1160 1984 1258 2044; x_wconf 78' lang='lat' dir='ltr'><em>etex</em></span> <span class='ocrx_word' id='word_1_53' title='bbox 1290 1973 1358 2073; x_wconf 82' lang='lat' dir='ltr'><em>Iege</em></span> 
     </span>
     <span class='ocr_line' id='line_1_8' title="bbox 267 2086 1382 2200; baseline 0.009 -39"><span class='ocrx_word' id='word_1_54' title='bbox 267 2087 453 2161; x_wconf 76' lang='lat' dir='ltr'><em>Nanassos</em></span> <span class='ocrx_word' id='word_1_55' title='bbox 487 2086 624 2164; x_wconf 73' lang='lat' dir='ltr'><em>exhibet.</em></span> <span class='ocrx_word' id='word_1_56' title='bbox 694 2089 782 2163; x_wconf 81' lang='lat' dir='ltr'><em>Com</em></span> <span class='ocrx_word' id='word_1_57' title='bbox 814 2090 977 2164; x_wconf 78' lang='lat' dir='ltr'><em>Historia</em></span> <span class='ocrx_word' id='word_1_58' title='bbox 1005 2119 1086 2166; x_wconf 86' lang='lat' dir='ltr'><em>ocra</em></span> <span class='ocrx_word' id='word_1_59' title='bbox 1116 2095 1215 2168; x_wconf 85' lang='lat' dir='ltr'><em>obvia</em></span> <span class='ocrx_word' id='word_1_60' title='bbox 1247 2123 1382 2200; x_wconf 21' lang='lat' dir='ltr'><em>rernm,</em></span> 
     </span>
     <span class='ocr_line' id='line_1_9' title="bbox 266 2212 1357 2319; baseline 0.006 -32"><span class='ocrx_word' id='word_1_61' title='bbox 266 2215 420 2287; x_wconf 88' lang='lat' dir='ltr'><em>satietate</em></span> <span class='ocrx_word' id='word_1_62' title='bbox 438 2227 469 2286; x_wconf 92' lang='lat' dir='ltr'><em>et</em></span> <span class='ocrx_word' id='word_1_63' title='bbox 485 2212 708 2287; x_wconf 79' lang='lat' dir='ltr'><em>similitudine</em></span> <span class='ocrx_word' id='word_1_64' title='bbox 725 2216 859 2287; x_wconf 80' lang='lat' dir='ltr'><em>animm</em></span> <span class='ocrx_word' id='word_1_65' title='bbox 874 2216 1038 2290; x_wconf 79' lang='lat' dir='ltr'><em>hnmanae</em></span> <span class='ocrx_word' id='word_1_66' title='bbox 1040 2217 1201 2319; x_wconf 84' lang='lat' dir='ltr'><em>fastidio</em></span> <span class='ocrx_word' id='word_1_67' title='bbox 1225 2222 1284 2313; x_wconf 83' lang='lat' dir='ltr'><em>sit,</em></span> <span class='ocrx_word' id='word_1_68' title='bbox 1308 2249 1357 2294; x_wconf 81' lang='lat' dir='ltr'><em>cc·</em></span> 
     </span>
     <span class='ocr_line' id='line_1_10' title="bbox 253 2337 1357 2440; baseline 0.005 -29"><span class='ocrx_word' id='word_1_69' title='bbox 253 2339 335 2440; x_wconf 84' lang='lat' dir='ltr'><em>ficit</em></span> <span class='ocrx_word' id='word_1_70' title='bbox 360 2366 435 2412; x_wconf 87' lang='lat' dir='ltr'><em>eam</em></span> <span class='ocrx_word' id='word_1_71' title='bbox 463 2337 599 2429; x_wconf 77' lang='lat' dir='ltr'><em>Poe&#39;sis,</em></span> <span class='ocrx_word' id='word_1_72' title='bbox 627 2340 833 2440; x_wconf 78' lang='lat' dir='ltr'><em>inexpectato</em></span> <span class='ocrx_word' id='word_1_73' title='bbox 858 2353 891 2412; x_wconf 86' lang='lat' dir='ltr'><em>et</em></span> <span class='ocrx_word' id='word_1_74' title='bbox 915 2344 1014 2413; x_wconf 83' lang='lat' dir='ltr'><em>vario</em></span> <span class='ocrx_word' id='word_1_75' title='bbox 1039 2356 1071 2414; x_wconf 87' lang='lat' dir='ltr'><em>et</em></span> <span class='ocrx_word' id='word_1_76' title='bbox 1086 2343 1357 2426; x_wconf 74' lang='lat' dir='ltr'><em>vicissitudinum</em></span> 
     </span>
     <span class='ocr_line' id='line_1_11' title="bbox 259 2463 1356 2569; baseline 0.005 -32"><span class='ocrx_word' id='word_1_77' title='bbox 259 2468 363 2569; x_wconf 83' lang='lat' dir='ltr'><em>pleno</em></span> <span class='ocrx_word' id='word_1_78' title='bbox 381 2491 507 2538; x_wconf 86' lang='lat' dir='ltr'><em>canens.</em></span> <span class='ocrx_word' id='word_1_79' title='bbox 561 2463 658 2538; x_wconf 80' lang='lat' dir='ltr'><em>Adeo</em></span> <span class='ocrx_word' id='word_1_80' title='bbox 684 2476 721 2537; x_wconf 86' lang='lat' dir='ltr'><em>nt</em></span> <span class='ocrx_word' id='word_1_81' title='bbox 744 2463 869 2544; x_wconf 77' lang='lat' dir='ltr'><em>Poe&#39;sis</em></span> <span class='ocrx_word' id='word_1_82' title='bbox 891 2468 960 2538; x_wconf 87' lang='lat' dir='ltr'><em>ista</em></span> <span class='ocrx_word' id='word_1_83' title='bbox 984 2492 1049 2539; x_wconf 88' lang='lat' dir='ltr'><em>non</em></span> <span class='ocrx_word' id='word_1_84' title='bbox 1065 2468 1175 2541; x_wconf 80' lang='lat' dir='ltr'><em>satiem</em></span> <span class='ocrx_word' id='word_1_85' title='bbox 1190 2469 1239 2541; x_wconf 78' lang='lat' dir='ltr'><em>aei</em></span> <span class='ocrx_word' id='word_1_86' title='bbox 1253 2468 1356 2543; x_wconf 82' lang='lat' dir='ltr'><em>delec-</em></span> 
     </span>
     <span class='ocr_line' id='line_1_12' title="bbox 240 2588 1355 2691; baseline 0.002 -26"><span class='ocrx_word' id='word_1_87' title='bbox 240 2624 244 2633; x_wconf 90' lang='lat'><strong>·</strong></span> <span class='ocrx_word' id='word_1_88' title='bbox 265 2592 436 2683; x_wconf 89' lang='lat' dir='ltr'><em>tationem,</em></span> <span class='ocrx_word' id='word_1_89' title='bbox 461 2589 521 2663; x_wconf 78' lang='lat' dir='ltr'><em>sed</em></span> <span class='ocrx_word' id='word_1_90' title='bbox 546 2592 648 2662; x_wconf 89' lang='lat' dir='ltr'><em>etiam</em></span> <span class='ocrx_word' id='word_1_91' title='bbox 666 2588 712 2661; x_wconf 80' lang='lat' dir='ltr'><em>ad</em></span> <span class='ocrx_word' id='word_1_92' title='bbox 729 2590 838 2661; x_wconf 90' lang='lat' dir='ltr'><em>animi</em></span> <span class='ocrx_word' id='word_1_93' title='bbox 853 2590 1118 2691; x_wconf 77' lang='lat' dir='ltr'><em>magnitudinem</em></span> <span class='ocrx_word' id='word_1_94' title='bbox 1134 2605 1167 2664; x_wconf 91' lang='lat' dir='ltr'><em>et</em></span> <span class='ocrx_word' id='word_1_95' title='bbox 1183 2592 1230 2665; x_wconf 80' lang='lat' dir='ltr'><em>at</em></span> <span class='ocrx_word' id='word_1_96' title='bbox 1246 2619 1355 2667; x_wconf 88' lang='lat' dir='ltr'><em>mores</em></span> 
     </span>
     <span class='ocr_line' id='line_1_13' title="bbox 262 2714 1356 2822; baseline 0 -31"><span class='ocrx_word' id='word_1_97' title='bbox 262 2716 422 2822; x_wconf 57' lang='lat' dir='ltr'><em>conferat.</em></span> <span class='ocrx_word' id='word_1_98' title='bbox 477 2714 589 2803; x_wconf 79' lang='lat' dir='ltr'><em>Qecnre</em></span> <span class='ocrx_word' id='word_1_99' title='bbox 614 2726 645 2785; x_wconf 91' lang='lat' dir='ltr'><em>et</em></span> <span class='ocrx_word' id='word_1_100' title='bbox 670 2715 790 2786; x_wconf 74' lang='lat' dir='ltr'><em>merito</em></span> <span class='ocrx_word' id='word_1_101' title='bbox 818 2717 922 2790; x_wconf 83' lang='lat' dir='ltr'><em>ctiam</em></span> <span class='ocrx_word' id='word_1_102' title='bbox 945 2714 1140 2789; x_wconf 81' lang='lat' dir='ltr'><em>divinitatis</em></span> <span class='ocrx_word' id='word_1_103' title='bbox 1168 2718 1356 2818; x_wconf 66' lang='lat' dir='ltr'><em>ap&#39;ccspiam</em></span> 
     </span>
     <span class='ocr_line' id='line_1_14' title="bbox 258 2830 1354 2945; baseline 0.001 -31"><span class='ocrx_word' id='word_1_104' title='bbox 258 2844 433 2945; x_wconf 82' lang='lat' dir='ltr'><em>particeps</em></span> <span class='ocrx_word' id='word_1_105' title='bbox 449 2839 561 2912; x_wconf 81' lang='lat' dir='ltr'><em>videri</em></span> <span class='ocrx_word' id='word_1_106' title='bbox 571 2830 696 2939; x_wconf 81' lang='lat' dir='ltr'><em>possit,</em></span> <span class='ocrx_word' id='word_1_107' title='bbox 713 2839 795 2939; x_wconf 84' lang='lat' dir='ltr'><em>qaia</em></span> <span class='ocrx_word' id='word_1_108' title='bbox 818 2840 968 2911; x_wconf 86' lang='lat' dir='ltr'><em>animam</em></span> <span class='ocrx_word' id='word_1_109' title='bbox 988 2841 1091 2942; x_wconf 79' lang='lat' dir='ltr'><em>erigit</em></span> <span class='ocrx_word' id='word_1_110' title='bbox 1113 2843 1201 2914; x_wconf 86' lang='lat' dir='ltr'><em>etin</em></span> <span class='ocrx_word' id='word_1_111' title='bbox 1215 2841 1354 2915; x_wconf 79' lang='lat' dir='ltr'><em>sublime</em></span> 
     </span>
     <span class='ocr_line' id='line_1_15' title="bbox 262 2962 1353 3068; baseline -0.002 -28"><span class='ocrx_word' id='word_1_112' title='bbox 262 2968 357 3068; x_wconf 81' lang='lat' dir='ltr'><em>capit</em></span> <span class='ocrx_word' id='word_1_113' title='bbox 368 2996 383 3048; x_wconf 80' lang='lat'><em>,-</em></span> <span class='ocrx_word' id='word_1_114' title='bbox 409 2990 520 3037; x_wconf 78' lang='lat' dir='ltr'><em>rernm</em></span> <span class='ocrx_word' id='word_1_115' title='bbox 547 2962 753 3035; x_wconf 68' lang='lat' dir='ltr'><em>simulachra</em></span> <span class='ocrx_word' id='word_1_116' title='bbox 775 2962 823 3034; x_wconf 78' lang='lat' dir='ltr'><em>aci</em></span> <span class='ocrx_word' id='word_1_117' title='bbox 847 2964 956 3036; x_wconf 89' lang='lat' dir='ltr'><em>animi</em></span> <span class='ocrx_word' id='word_1_118' title='bbox 971 2962 1145 3038; x_wconf 82' lang='lat' dir='ltr'><em>desideria</em></span> <span class='ocrx_word' id='word_1_119' title='bbox 1174 2993 1353 3040; x_wconf 82' lang='lat' dir='ltr'><em>commmo-</em></span> 
     </span>
     <span class='ocr_line' id='line_1_16' title="bbox 261 3086 1406 3193; baseline -0.003 -28"><span class='ocrx_word' id='word_1_120' title='bbox 261 3090 387 3180; x_wconf 81' lang='lat' dir='ltr'><em>dando‚</em></span> <span class='ocrx_word' id='word_1_121' title='bbox 402 3115 467 3161; x_wconf 91' lang='lat' dir='ltr'><em>non</em></span> <span class='ocrx_word' id='word_1_122' title='bbox 491 3090 642 3163; x_wconf 81' lang='lat' dir='ltr'><em>animum</em></span> <span class='ocrx_word' id='word_1_123' title='bbox 657 3086 753 3162; x_wconf 80' lang='lat' dir='ltr'><em>rebus</em></span> <span class='ocrx_word' id='word_1_124' title='bbox 769 3088 878 3190; x_wconf 81' lang='lat' dir='ltr'><em>(qaod</em></span> <span class='ocrx_word' id='word_1_125' title='bbox 894 3088 1107 3193; x_wconf 84' lang='lat' dir='ltr'><em>Ratiofacit</em></span> <span class='ocrx_word' id='word_1_126' title='bbox 1121 3102 1155 3165; x_wconf 88' lang='lat' dir='ltr'><em>ct</em></span> <span class='ocrx_word' id='word_1_127' title='bbox 1170 3090 1350 3191; x_wconf 84' lang='lat' dir='ltr'><em>Historia)</em></span> <span class='ocrx_word' id='word_1_128' title='bbox 1401 3142 1406 3152; x_wconf 78' lang='lat'><strong>·</strong></span> 
     </span>
     <span class='ocr_line' id='line_1_17' title="bbox 258 3212 493 3291; baseline 0.013 -4"><span class='ocrx_word' id='word_1_129' title='bbox 258 3212 493 3291; x_wconf 79' lang='lat' dir='ltr'><em>submittmeio.</em></span> 
     </span>
    </p>
   </div>
   <div class='ocr_carea' id='block_1_3' title="bbox 600 3337 1301 3441">
    <p class='ocr_par' dir='ltr' id='par_1_5' title="bbox 600 3337 1301 3441">
     <span class='ocr_line' id='line_1_18' title="bbox 600 3337 1301 3441; baseline 0 -27"><span class='ocrx_word' id='word_1_130' title='bbox 600 3338 732 3415; x_wconf 66' lang='lat' dir='ltr'><em>Bccon.</em></span> <span class='ocrx_word' id='word_1_131' title='bbox 749 3338 791 3412; x_wconf 79' lang='lat' dir='ltr'><em>cie</em></span> <span class='ocrx_word' id='word_1_132' title='bbox 807 3338 932 3441; x_wconf 73' lang='lat' dir='ltr'><em>Aug-m</em></span> <span class='ocrx_word' id='word_1_133' title='bbox 950 3338 1072 3414; x_wconf 84' lang='lat' dir='ltr'><em>Scient.</em></span> <span class='ocrx_word' id='word_1_134' title='bbox 1090 3337 1169 3413; x_wconf 80' lang='lat' dir='ltr'><em>Lib.</em></span> <span class='ocrx_word' id='word_1_135' title='bbox 1188 3337 1221 3413; x_wconf 82' lang='lat' dir='ltr'><em>ii.</em></span> <span class='ocrx_word' id='word_1_136' title='bbox 1245 3347 1301 3414; x_wconf 80' lang='lat'><em>13.</em></span> 
     </span>
    </p>
   </div>
   <div class='ocr_carea' id='block_1_4' title="bbox 0 0 1522 5217">
    <p class='ocr_par' dir='ltr' id='par_1_6' title="bbox 0 0 1522 5217">
     <span class='ocr_line' id='line_1_19' title="bbox 0 0 1522 5217; baseline 0 6"><span class='ocrx_word' id='word_1_137' title='bbox 0 0 1522 5217; x_wconf 95' lang='lat' dir='ltr'><em> </em></span> 
     </span>
    </p>
   </div>
  </div>
 </body>
</html>
