3034 5217
348 354 491 416 NOTAE
515 355 560 414 IN
589 352 864 416 THEOCRITUM
1124 366 1179 420 les

34 477 110 558 filix
124 495 187 534 mos
206 476 288 534 Linn.
305 477 388 552 Argi.
411 457 483 532 mole
499 475 578 554 forn.
601 475 826 553 Romanensem]
848 475 906 534 ond
929 476 972 533 tlte
984 477 1067 556 seru,
1094 474 1122 549 ἧ
1140 478 1177 539 nd
1189 486 1256 545 227.

40 555 186 634 πυκτίζῃ,
198 555 267 612 ont
280 555 370 612 olicis
383 555 446 612 tltou
459 566 505 611 art
520 553 622 632 stickty
635 555 757 612 covered.
1097 545 1104 558 ¹
1338 563 1344 586 ¹

92 640 143 692 15.
166 635 236 693 Νῦν
250 635 344 709 ἔγνων
358 634 416 690 τὸν
431 631 566 710 Eponam]
589 633 669 708 Virg.
691 632 777 690 Nunc
790 632 858 708 scio,
870 633 936 710 qnid
949 634 985 691 sit
999 635 1104 692 Amor:
1126 641 1178 697 &n

43 712 116 770 Ecl.
133 715 198 786 viii,
213 718 262 770 43.
276 713 312 770 ad
327 729 402 787 quae
420 714 460 768 ita
477 711 626 786 Heyuius:
648 711 733 768 Nunc
747 713 814 785 scio,
829 711 896 768 serd
909 714 972 770 scil.
989 713 1033 772 Ex
1048 712 1180 776 Theocr.

43 791 132 850 haec
148 792 230 867 idyll.
246 795 288 864 iii,
305 797 354 863 15,
367 809 408 867 sq.
424 790 476 846 sed
490 788 580 846 multd
595 793 619 845 is
635 789 791 848 modestius
807 798 837 847 et
852 808 889 848 ex
908 794 1038 868 imperiti
1056 801 1181 872 pasturis
1284 803 1287 810 '

43 867 355 945 persousdecennns.
376 867 480 934 ,Confi
510 867 623 925 Tubuli.
649 871 692 942 iii,
716 877 743 929 4.
768 875 814 927 72.
838 869 923 945 Bion.
948 871 1031 947 idyll.
1055 877 1126 933 xvii.
1150 883 1182 936 et

45 948 172 1007 Moschi
188 952 205 1007 i.
222 950 302 1024 Virg.
319 949 442 1006 aeneid.
458 951 498 1021 iv,
514 950 584 1019 365,
599 951 652 1005 ize.
947 1003 951 1010 .

92 1031 144 1085 21.
169 1026 446 1163 Tirocinium-2
478 1027 559 1085 Ordo
582 1033 645 1083 est:
666 1031 797 1100 ποιησεῖτ
820 1045 857 1100 με
878 1025 991 1086 αὐτίκα
1014 1033 1182 1092 nicaenas
1255 1068 1263 1080 ·

47 1107 109 1163 τόν
122 1106 272 1179 στέφανον
285 1108 327 1170 alc
343 1108 421 1165 lenc
446 1149 453 1163 .
1264 1146 1267 1152 -

94 1191 144 1243 23.
163 1184 418 1262 -earsneoce-1
438 1186 558 1245 Keddolo
573 1186 809 1275 udlvnes,flcres
824 1185 938 1242 hederae
951 1186 1098 1244 nondnmn
1120 1191 1181 1247 esti.

47 1263 194 1337 Σέλιντν,
204 1265 306 1343 planto
319 1265 418 1336 dubia,
431 1264 552 1321 videtur
578 1279 644 1320 esse
673 1271 770 1341 opiam
795 1265 957 1342 graveolens
982 1265 1062 1322 Linn.
1090 1210 1183 1326 deteri

48 1343 119 1400 ltai.
143 1349 176 1400 et
195 1351 334 1415 nostrum,
354 1343 431 1419 quod
459 1343 517 1400 hoo
542 1346 606 1418 ipso
633 1345 750 1400 nomine
780 1343 889 1400 Graeci
912 1344 1048 1402 hodierni
1071 1348 1180 1406 colunt.

48 1421 170 1479 Bellon.
193 1427 352 1480 Scannnnn.
391 1420 732 1499 letow,vulgdnpirim
740 1423 946 1500 petroselinum,
959 1423 1041 1499 Angl.
1058 1444 1182 1483 common

49 1501 174 1579 Porsley
181 1525 194 1572 ,·
214 1501 286 1560 mihi
302 1499 397 1578 potiris
413 1501 531 1559 ridetur
544 1500 641 1580 opima
652 1502 814 1578 gmoeolem
828 1501 910 1558 Lina.
926 1503 1010 1579 nugi.
1033 1505 1181 1584 Srmltcge.

49 1579 263 1638 Rorumronn.
815 1618 820 1624 -

93 1664 143 1717 24.
163 1658 373 1736 -rc'rcolllnr‚·]
394 1658 461 1738 quid
481 1657 593 1737 agam
621 1663 666 1715 est
690 1656 817 1716 formula
839 1677 953 1734 eorum,
979 1678 1050 1735 qnos
1076 1663 1182 1720 invitos

49 1745 173 1811 natura,
188 1739 237 1796 vel
247 1737 349 1813 iatum,
360 1740 410 1796 vel
419 1755 612 1815 quaecunque
627 1739 686 1796 elia
695 1742 777 1814 cogit
790 1741 960 1797 necessitas.
989 1739 1064 1798 Vide
1076 1738 1183 1800 Valck-

51 1818 544 1976 euggaa-npflnzvliiaefflssnee.
553 1899 691 1954 amictum
705 1903 864 1970 pastorum.
887 1897 1013 1955 Hennes.

96 1979 145 2034 26.
162 1975 259 2053 ‘lineo
285 1977 342 2039 cola
371 1973 490 2038 dirrare
517 1975 761 2052 caramtocus-]
797 1975 993 2052 Thynnornm
1021 1979 1183 2052 piscatores

53 2055 129 2114 olim
145 2055 263 2113 insitas
286 2073 385 2131 rupes,
400 2058 475 2114 meri
500 2057 695 2126 imminentes,
709 2055 787 2112 soliti
810 2055 946 2130 speculas
967 2055 1126 2128 collocare,
1152 2063 1184 2114 ut

55 2133 125 2192 iudei
140 2133 283 2211 Thynnos
297 2135 509 2192 observarent:
530 2137 606 2191 sicut
621 2138 723 2190 auctor
737 2139 784 2191 est
806 2133 921 2207 Strabo,
945 2138 993 2210 qui
1024 2135 1184 2192 Θυννοσκο·

54 2217 130 2271 mia
147 2220 240 2271 vocat.
256 2214 287 2270 L.
303 2232 331 2271 r.
347 2231 376 2290 p.
392 2211 490 2293 (225.)
506 2217 573 2269 345.
595 2211 755 2270 Cassueon.
798 2211 881 2270 Hanc
894 2216 982 2270 etiam
994 2211 1082 2271 luisse
1094 2219 1184 2272 ratio-

54 2309 128 2350 nem
144 2291 287 2368 'l'hyuuos
301 2291 475 2367 explorandi
505 2292 594 2349 tradit
623 2291 777 2366 Oppianus
803 2291 932 2348 Halieut.
960 2295 1004 2366 iii,
1029 2289 1206 2354 63i.-Ab'

56 2371 166 2428 eodem
197 2389 313 2447 quoque
329 2371 476 2442 discimus,
491 2370 627 2427 crebram
646 2373 853 2445 copiosamque
870 2369 959 2427 luisse
976 2372 1051 2447 apud
1068 2372 1182 2430 Siculos
1245 2427 1248 2433 .

56 2449 237 2525 thynnoinm
246 2456 409 2524 capturam.
430 2449 504 2508 lbid.
516 2453 583 2507 627.
599 2449 739 2506 Wnnron.
755 2449 836 2525 Virg.
859 2447 997 2529 Praeceps
1007 2450 1184 2530 airiispecn·

58 2529 91 2586 ld
104 2529 138 2584 de
148 2529 249 2586 omnm
262 2529 294 2586 in
306 2529 397 2586 andos
411 2528 645 2607 Defessa-Eri.
661 2530 726 2601 viii,
742 2532 789 2586 59.

100 2613 148 2666 27.
167 2608 263 2679 Κῆκα
276 2605 321 2681 μή
334 2606 488 2684 'ruodrud
503 2611 522 2666 i.
538 2625 565 2664 e.
580 2605 658 2676 ,Καὶ
673 2612 701 2666 εἴ
725 2607 759 2666 sle
783 2605 828 2679 nsi
842 2606 1000 2681 donodono,
1015 2609 1099 2684 tingi.
1121 2609 1186 2667 nne

59 2685 195 2766 tlsonglsI
206 2687 302 2745 should
315 2698 362 2744 not
374 2685 485 2744 succerd
498 2686 529 2743 in
544 2686 641 2764 dying,
662 2687 700 2754 ad
721 2688 772 2744 σὰν
799 2685 858 2758 ἡδύ
879 2705 912 2761 γε
936 2685 1001 2760 μὴν
1026 2685 1185 2761 τέτυκται,

58 2778 104 2844 yet
118 2768 163 2843 tlty
176 2766 232 2823 del'
251 2767 280 2824 lst
294 2766 386 2824 would
399 2786 435 2822 no
449 2765 528 2823 dmsbt
542 2765 572 2822 be
587 2765 810 2842 obtained-yet
825 2767 889 2824 snos
906 2765 1021 2825 mouldst
1044 2786 1080 2823 no
1104 2767 1185 2825 doubt

60 2845 94 2900 be
107 2843 223 2923 deligito
293 2845 472 2916 Notandum,
489 2847 517 2900 in
533 2843 697 2920 hujusmodi
721 2846 917 2903 locutionibus
941 2861 996 2903 non
1023 2863 1096 2920 opus
1117 2862 1184 2903 esse

60 2932 96 2980 ut
108 2925 253 3000 particula
268 2943 301 2984 κε
316 2924 366 2981 rel
378 2924 432 2995 clv,
446 2941 522 2998 quae
548 2924 672 2981 verbum
697 2925 779 2998 prius
804 2927 971 2995 comitatur,
996 2940 1062 2980 cum
1088 2930 1185 3000 poste-

60 3005 142 3060 riore
152 3008 318 3078 repetatur.
352 3002 368 3020 ''
380 3003 455 3060 Vide
470 3003 560 3077 supra
575 3002 612 3059 ad
627 3019 655 3076 p.
672 3005 739 3060 225.
755 3019 783 3059 v.
802 3001 883 3060 Μ’
904 3003 1061 3075 τὲτυγμαι,
1088 3020 1184 3078 praes.

61 3079 139 3158 pers.
155 3083 238 3158 tingi.
261 3080 516 3154 inmeliorare,
533 3082 574 3154 ic,
588 3081 643 3151 elec,
659 3099 693 3136 or
707 3081 804 3138 ἆτ’-ιτ.
847 3081 936 3160 [Vide
961 3080 1026 3137 Vol.
1053 3081 1074 3138 1.
1095 3083 1130 3139 ad
1155 3101 1184 3158 p.

65 3165 132 3220 122.
146 3179 172 3218 n.
186 3165 215 3218 6.
230 3158 281 3237 ''p.
298 3165 345 3219 27.
359 3179 387 3217 n.
404 3158 461 3236 4⁰1
482 3160 552 3233 ddd,
565 3159 620 3233 loe,
635 3160 708 3217 Dor.
724 3177 779 3236 pro
795 3161 865 3234 ἡδύ,
885 3161 961 3236 quod
979 3161 1028 3218 hic
1042 3178 1096 3236 pro
1122 3163 1186 3234 rido-

63 3239 115 3313 νή.
135 3237 150 3258 ”
160 3240 230 3297 Ver.
246 3238 521 3316 iti-pernwino,
550 3250 693 3316 qncnente
712 3259 764 3296 sne.
786 3241 896 3316 interp.
917 3239 950 3323 f.
1035 3299 1036 3303 ,

105 3324 150 3377 29.
170 3317 403 3392 -ποτεμοίξατο
420 3317 458 3374 τὸ
481 3315 693 3395 uicesimum]
715 3317 967 3393 ποτιμαξοίμεντν.
981 3319 1186 3397 πλατάγησεν,

65 3403 97 3458 in
113 3397 246 3472 Scholiis,
261 3402 290 3457 in
305 3397 462 3456 Codicibns
475 3399 597 3474 aliquot,
612 3400 701 3456 etiam
718 3403 747 3456 in
773 3398 917 3472 Parisino,
942 3405 1105 3473 repertum,
1130 3419 1185 3476 pro

64 3478 188 3553 vulgatis
202 3475 396 3551 ποτεμοίξατο
410 3479 449 3534 τό
461 3479 661 3552 utererque,
675 3496 742 3535 cum
758 3477 867 3535 Reiske
884 3485 915 3534 et
939 3475 1057 3534 Bruuck
1072 3483 1185 3554 recepi.

63 3558 263 3614 vinciamus.
285 3557 437 3613 Sententia
450 3562 512 3614 esi:
534 3557 641 3634 crepuit
656 3557 765 3634 solium
788 3556 859 3614 illud
883 3555 921 3614 od
945 3555 1048 3632 digitos
1067 3557 1186 3614 allisum.

65 3635 161 3711 saepe
174 3637 272 3697 media
286 3643 317 3693 et
331 3639 448 3712 passiva
460 3637 579 3692 intense
595 3635 822 3712 significationes
833 3636 1001 3712 alternant:
1023 3635 1187 3712 προσμαξιί-

63 3715 440 3790 promiscuarumque
469 3713 727 3790 reconsecratione
756 3723 806 3772 aut
834 3712 1034 3790 προσμαχθέν.
1070 3713 1185 3773 Rnrsun.

64 3795 170 3852 Forma
184 3794 302 3870 quidem
315 3793 412 3852 media
427 3797 458 3849 et
471 3795 588 3866 passiva
602 3792 707 3849 eadem
722 3798 789 3849 sunt
804 3796 833 3850 iu
848 3810 945 3866 praes.
961 3799 991 3850 et
1017 3792 1133 3868 imperf.
1155 3801 1186 3852 et

63 3891 152 3930 nemo
173 3879 218 3930 est
238 3871 353 3932 Graece
378 3871 428 3930 vel
452 3871 644 3928 mediocriter
666 3870 778 3944 doetus,
801 3875 851 3946 qui
876 3889 932 3928 nnn
955 3875 1037 3930 norit
1062 3876 1185 3930 aoristos
1274 3921 1277 3928 ,

65 3955 205 4030 passivos,
220 3959 252 4010 et
267 3949 413 4010 interdum
427 3947 502 4026 perf.
518 3952 677 4024 passivum,
690 3953 767 4007 sumi
781 3967 868 4008 sensu
882 3949 987 4008 medio.
1010 3951 1100 4029 [Vide
1120 3951 1185 4010 Vol.

66 4033 90 4090 Ι.
105 4031 181 4106 adp.
197 4037 224 4088 7.
239 4049 266 4088 n.
285 4029 343 4107 tn]
387 4029 446 4087 Sed
461 4032 572 4086 utinam
586 4031 635 4086 rir
648 4028 781 4086 eruditus
796 4030 935 4104 exempla
957 4029 1101 4105 quaedam
1120 4048 1188 4107 pro-

65 4110 189 4181 tulisset,
202 4113 232 4167 iu
247 4111 349 4187 quibus
364 4127 425 4167 aor.
449 4113 480 4166 1.
489 4107 565 4164 med.
580 4113 711 4165 sumatur
735 4111 763 4164 in
785 4125 871 4165 sensu
897 4111 1023 4184 passivo.
1067 4109 1146 4167 Nam
1160 4115 1186 4170 si

65 4187 125 4248 hoc
140 4189 319 4265 unquamiit,
335 4186 479 4246 rarissime
494 4187 632 4262 equidem
654 4187 841 4244 crediderim.
882 4186 984 4260 Quare
1010 4187 1061 4246 vei
1086 4189 1188 4265 legeu-

54 4269 137 4326 Ldnm
149 4270 419 4342 memoriaenon·
441 4266 490 4324 vei
515 4265 643 4342 vulgaris
666 4265 856 4342 reponenda:
877 4267 940 4324 scil.
955 4265 1189 4342 -ποτεμοίξατο

67 4347 106 4404 cd
121 4345 316 4422 ntccdynpo.
358 4347 445 4418 Quae
469 4344 649 4404 Scholiastes
663 4349 706 4402 sic
722 4348 863 4420 exponit:
885 4345 1072 4420 πλατάγημα
1093 4345 1127 4405 δὲ
1149 4349 1187 4404 cd

66 4425 282 4501 sclareyoivcoo.
299 4422 541 4499 τιτττμτίξατοόἒ,
558 4424 660 4497 ἤγουν,
668 4423 840 4501 προσήκατο
848 4426 877 4497 ἐξ
891 4425 988 4497 αὐτοῦ
1001 4423 1189 4498 τυπτόμενον

57 4503 177 4583 ψόφον.
202 4502 370 4564 Όττῑττιὶιιι
376 4503 489 4578 μάσσω,
500 4502 590 4581 [unde
602 4499 786 4575 ποτιμτίττω
796 4503 848 4560 vei
860 4502 1057 4582 apodationes]
1069 4503 1189 4600 proprie

57 4582 220 4660 significat,
234 4583 373 4664 tangendo
383 4583 479 4642 odlino
490 4581 538 4640 vel
550 4581 671 4660 alfrico,
683 4582 749 4639 inde
762 4591 846 4659 tergo.
887 4587 906 4620 “
919 4582 1057 4641 mantas
1068 4600 1140 4641 vero
1150 4601 1189 4642 ex

103 4661 172 4721 Vos.
188 4664 223 4722 11.
529 4661 568 4717 ‘24
