3034 5217
331 345 389 400 272
620 339 764 399 NOTAE
793 339 1162 427 intersistentes.

251 458 484 517 zileomilium
498 459 561 534 ejus
582 459 689 516 edendi
713 461 813 533 cepit;
834 465 938 536 postea
962 459 1086 535 abjecit:
1107 458 1163 536 qud
1184 458 1256 518 verd
1277 468 1411 536 pertinuit

332 538 408 594 istud
423 538 578 611 exemplar
592 538 801 595 Salmasianum
817 555 874 595 non
889 537 1012 614 amplids
1027 546 1147 596 constat
1188 537 1262 596 Cam
1285 545 1368 601 amicis
1383 555 1411 602 ta

330 633 398 672 men
424 616 567 691 maedam
592 633 631 673 ex
654 634 691 673 eo
715 623 858 691 excerpta
881 620 1150 675 communicaverat
1171 618 1335 690 Salmasios5
1351 625 1412 680 imni

330 701 422 753 toturn
437 692 607 776 quibusdam
620 691 724 752 soriam
748 703 880 753 mutuum
900 695 1030 754 dederat.
1071 697 1153 754 Unde
1179 699 1260 754 varia
1281 695 1348 756 heta
1368 711 1413 759 sunt

331 766 513 850 apographa,
528 771 621 831 minds
636 781 734 832 tamen
757 781 904 847 accurata,
928 781 960 832 et
984 775 1101 832 minime
1116 773 1292 832 conserenda
1304 795 1360 834 cum
1370 782 1414 852 ipsa

331 852 465 910 Palatino
489 851 611 932 Codice,
630 855 679 929 qui
700 853 823 910 Romam
845 853 947 928 postea
967 854 1088 923 ablatus,
1112 871 1189 912 nunc
1216 857 1245 909 in
1268 853 1414 916 Bibliotheca·

331 931 469 988 Vaticani
484 938 660 990 asservatur.
702 933 798 1008 Atque
821 933 896 989 haee
910 937 956 990 est
979 933 1030 990 illu
1056 931 1151 990 adhuc
1176 949 1234 990 non
1257 933 1361 1008 vulgata
1378 955 1415 994 seo

331 1011 441 1066 inedita
456 1010 642 1086 Anthologia,
657 1010 740 1086 cnjus
754 1011 897 1086 quaedam
911 1014 1125 1086 epigrammata
1139 1010 1211 1070 hina
1225 1011 1288 1068 inde
1303 1015 1415 1072 interan-

330 1089 550 1147 madrersiones
572 1090 724 1148 doctorum
740 1089 888 1148 hominum
913 1091 1009 1146 lucem
1024 1097 1214 1164 aspexerunt.
1254 1091 1332 1160 Quod
1345 1099 1415 1151 antea

331 1169 486 1225 consilinm
515 1169 672 1226 Salmasius
693 1167 856 1242 abjecerat,
872 1170 901 1228 id
923 1169 1025 1244 postea
1049 1171 1127 1226 inter
1150 1169 1226 1226 alios
1250 1173 1367 1226 resumsit
1384 1177 1415 1230 rir

332 1247 544 1304 eruditissimus
563 1247 628 1304 lac.
650 1246 725 1305 Phil.
740 1247 918 1318 D’Orrille;
938 1248 991 1305 sed
1011 1263 1088 1306 mors
1113 1249 1311 1306 interveniens
1329 1249 1415 1308 labores

332 1324 395 1400 ejus
410 1323 536 1382 nonddm
548 1324 698 1384 conlectos
713 1327 839 1403 abrupit.

371 1404 506 1462 Tandem
519 1408 547 1462 in
561 1406 712 1479 publicum
725 1406 899 1480 prodierunt
912 1405 1045 1464 suatum
1063 1403 1192 1463 Vetanim
1208 1405 1346 1463 Poitnmm
1356 1407 1416 1464 Grae

331 1502 434 1556 corum,
450 1483 569 1540 Editore
586 1483 669 1541 Rich.
685 1482 731 1540 Fr.
748 1484 822 1542 Phil.
838 1484 973 1554 Brunck;
995 1485 1099 1559 quibus
1115 1487 1160 1541 in'r
1179 1485 1232 1542 ille
1254 1483 1356 1542 Graece
1371 1487 1416 1544 doc·

331 1565 456 1619 tissimus
472 1566 568 1621 omnia
583 1563 659 1620 haec
674 1563 893 1639 Epigrammata
908 1563 1061 1620 tam-edita
1072 1579 1159 1638 quam
1174 1581 1233 1620 non
1258 1563 1341 1635 edita,
1361 1575 1416 1638 quot-

331 1647 401 1716 quot
416 1644 551 1715 reperire
566 1648 695 1716 poterat,
709 1641 880 1717 complexus
895 1648 958 1709 est;
980 1649 1012 1700 et
1035 1646 1132 1699 omnia
1146 1643 1226 1699 nova
1247 1643 1330 1716 serie,
1349 1642 1416 1699 obser·

331 1726 400 1778 vato
425 1727 558 1794 tempore
573 1737 641 1795 quo,
655 1737 688 1777 se
709 1720 821 1796 judice,
845 1725 967 1798 quisque
993 1721 1125 1795 Scriptor
1150 1723 1271 1791 vixerit,
1293 1721 1415 1778 ordinarit:

332 1817 406 1874 opus
429 1800 496 1856 sana
517 1802 682 1874 egregium,
711 1817 767 1874 per
787 1801 864 1875 qnod
884 1801 931 1857 vir
950 1801 1150 1875 sagacissimus
1172 1801 1254 1856 riam
1276 1803 1380 1856 inmisit
1393 1801 1415 1856 ad

332 1877 448 1949 samam,
463 1897 549 1954 quam
564 1885 676 1952 postea,
691 1879 757 1935 aliis
782 1878 983 1954 hujuscemodi
997 1878 1145 1952 operibus,
1159 1877 1216 1934 sed
1239 1881 1367 1951 imprimis
1382 1897 1415 1934 suo

333 1958 491 2032 Sophocle,
506 1955 747 2033 merltd‘adeptus
763 1964 816 2013 est.
858 1956 969 2014 Doleat
983 1963 1080 2014 tamen
1106 1955 1216 2012 eruditi
1239 1957 1366 2030 quaedam
1386 1957 1416 2012 al·

297 2067 302 2080 .
333 2036 391 2095 buc
407 2037 563 2111 impedire,
578 2054 634 2110 quo
650 2033 742 2092 mimis
757 2037 813 2092 hoc
829 2053 901 2110 opus
916 2035 952 2092 ad
969 2035 1085 2092 laudem
1101 2035 1296 2110 Anthologiae
1319 2036 1415 2092 omnihus

332 2118 461 2172 numeris
475 2115 624 2171 absolutae
648 2119 779 2190 aspirare
803 2117 902 2191 possit.
944 2114 1024 2172 Nam
1048 2112 1191 2170 Codicem
1217 2111 1362 2170 Palatinum
1381 2131 1415 2169 neu

333 2197 396 2270 ipse
421 2193 586 2250 Brunckius
606 2197 788 2268 inspexerat,
809 2211 865 2252 nec
881 2211 938 2268 ope
960 2195 1054 2249 alieni
1084 2191 1223 2250 accurate
1248 2190 1415 2249 conserendam

332 2274 467 2340 cundram
489 2273 592 2330 desunt
606 2273 702 2331 idonei
717 2273 837 2344 indices,
854 2276 901 2348 qui
916 2279 982 2330 sunt
997 2287 1064 2347 pars
1078 2271 1241 2328 istiusmodi
1256 2273 1345 2346 operis
1356 2275 1416 2327 onni-

332 2349 368 2408 nd
395 2356 563 2410 necessaria
572 2351 600 2422 3*
619 2357 707 2427 atque
735 2353 830 2409 editor
858 2351 1070 2408 eruditissimus
1098 2367 1219 2408 suarum
1244 2352 1415 2406 annotatioom

331 2432 416 2488 nimis
432 2429 486 2487 luit
500 2447 614 2504 parcus.
656 2431 967 2506 Laudandus-quidem
992 2437 1047 2503 est,
1071 2428 1147 2505 qudd
1167 2433 1339 2504 perpetuam
1357 2431 1415 2484 inter·

332 2512 528 2585 pretationem
544 2510 675 2566 Latinam
690 2510 725 2567 ad
740 2511 865 2566 verbum
881 2506 988 2586 factam
1002 2510 1170 2584 respuerit;
1194 2510 1290 2564 necet
1303 2510 1415 2564 vitioser-
1456 2529 1457 2550 κ

332 2587 462 2659 tendum,
476 2587 550 2662 qudd
566 2607 710 2663 nunquam
725 2596 785 2645 tam
800 2587 882 2646 selici
898 2606 962 2645 esse
987 2589 1155 2662 contigerit,
1171 2593 1208 2642 nt
1233 2587 1414 2658 manuscriptio

333 2665 466 2741 Hugonis
479 2668 574 2724 Grotii
587 2669 869 2741 interpretationem,
885 2670 938 2724 nisi
960 2683 1120 2742 paucorum
1135 2667 1373 2740 epigrammaton,
1389 2665 1415 2718 ri·

263 2740 265 2748 ’
333 2746 427 2802 deret.
469 2745 527 2802 Hic
542 2749 620 2803 enim
635 2749 681 2803 vir
694 2749 830 2821 eximius,
845 2744 926 2820 cnjus
942 2749 1026 2802 varia
1041 2761 1134 2819 opera
1151 2746 1182 2801 in
1200 2744 1296 2801 soluto
1309 2741 1414 2800 scabendi
1456 2741 1457 2798 l

332 2841 444 2900 genere
461 2843 567 2882 nomen
581 2824 644 2900 ejus
660 2842 715 2899 per
730 2831 822 2890 totuin
839 2826 942 2882 orbem
957 2825 1107 2882 literatum
1122 2830 1182 2880 tam
1199 2824 1311 2880 clarum
1320 2821 1414 2878 rettih-
1456 2799 1457 2890 i

334 2909 410 2975 runt,
426 2903 524 2960 Musas
539 2922 673 2980 quoque,
694 2922 750 2960 non
771 2905 863 2961 inviti
885 2902 1030 2981 Minervi,
1056 2899 1174 2958 subinde
1202 2902 1302 2958 colere
1321 2899 1413 2956 solebat:
1456 2898 1457 2989 l

334 2986 375 3040 nti
391 2985 652 3058 interpretationes
665 2979 732 3058 ejus
743 2981 964 3058 pulcherrimae
980 2981 1197 3056 Excerptorum
1220 2997 1260 3036 ex
1281 2977 1414 3054 Tragoed't
1456 3003 1457 3072 q

334 3068 366 3118 et
381 3061 546 3118 Comoediis
560 3060 692 3133 Graecis,
707 3070 794 3138 atque
810 3061 966 3120 Dictorum
984 3061 1138 3117 Poetarum
1154 3077 1194 3116 ex
1211 3059 1332 3115 Stobaeo
1344 3063 1414 3112 testae
1456 3105 1457 3150 ,

266 3175 275 3195 .
335 3148 390 3213 tur.
433 3139 512 3196 lnter
527 3141 720 3216 anthologiae
737 3139 1010 3216 quoque'studitsos
1032 3137 1112 3196 idem
1136 3141 1189 3202 vir'
1212 3155 1326 3212 magnus
1346 3129 1415 3192 meriti
1456 3151 1457 3246 q

335 3219 496 3274 censendus
511 3227 573 3289 est;
595 3223 705 3294 quippe
714 3221 764 3294 qui
776 3237 831 3276 non
846 3216 938 3276 soliim
952 3219 1065 3276 selecta
1079 3216 1224 3292 quaedam
1236 3219 1413 3292 epigrammati,

334 3297 386 3353 sed
402 3299 490 3366 etiam
505 3303 594 3354 totam
609 3298 817 3356 collectionem
833 3295 1013 3354 Planudeam
1029 3297 1163 3354 versibus
1184 3295 1291 3352 Latinis
1305 3292 1414 3350 adonta
1456 3267 1457 3362 i

334 3378 421 3432 verit
464 3376 547 3435 Haec
558 3376 655 3433 Grotii
670 3379 887 3452 interpretatio,
903 3393 1065 3450 quanquam
1078 3375 1114 3430 ah
1130 3377 1194 3448 ipso
1210 3377 1274 3431 viro
1295 3369 1412 3430 celeberri·
1456 3397 1457 3400 ¹

335 3471 382 3512 mo
397 3455 434 3510 ad
449 3454 563 3529 prelum
578 3455 758 3513 subeundum
774 3463 877 3532 parata
902 3458 990 3526 esset,
1015 3453 1141 3510 nondum
1164 3452 1263 3508 lucem
1287 3454 1412 3526 asperent,
1456 3423 1457 3492 i

334 3552 391 3592 nec
406 3533 552 3590 Bruoclrio
567 3553 691 3609 unquam
708 3538 770 3591 visa
785 3531 847 3591 fuit.
889 3533 985 3607 lpsnni
1001 3537 1099 3589 autem
1123 3530 1293 3606 possederat
1315 3525 1413 3588 D’Onil

335 3613 409 3680 lius;
432 3612 514 3688 cujus
530 3621 732 3687 postmortem
755 3613 792 3669 ad
813 3611 959 3668 haeredes
981 3610 1045 3686 ejus
1071 3612 1099 3666 in
1125 3612 1258 3686 Angliam
1286 3601 1412 3672 transitui
1456 3671 1457 3698 ᾖ

335 3693 436 3768 quibus
451 3691 632 3750 doctissimus
656 3691 687 3748 P.
710 3691 891 3748 Burmannus
914 3689 1064 3746 Secundus
1085 3693 1204 3746 veniam
1230 3687 1412 3766 impetraritit
1456 3707 1457 3710 ¹

334 3774 425 3840 totam
438 3773 489 3827 sni
503 3789 588 3827 manu
603 3771 795 3828 describeret.
838 3769 904 3838 Hoc
919 3775 1017 3826 autem
1033 3769 1188 3842 exemplar
1211 3767 1410 3825 Burmannianuu

333 3849 482 3906 advirum
504 3849 621 3906 doctum
645 3850 859 3924 Hieronymum
883 3849 919 3904 de
943 3845 1038 3904 Bosch
1063 3848 1212 3921 pervenit,
1226 3850 1273 3920 qui
1296 3861 1373 3920 nuper
1388 3857 1410 3894 n

334 3927 499 4003 Ultrajecto
514 3929 666 3986 consilium
678 3947 764 3991 suum
779 3929 814 3984 de
832 3926 944 3985 edendi
960 3925 1126 4060 dntbolog'd
1148 3924 1266 3999 ermes,
1279 3923 1311 3981 cl
1331 3920 1410 3997 upon

1098 4022 1132 4060 ur

336 4006 435 4063 Grotio
459 4005 572 4064 Latinis
595 4007 716 4065 versibus
739 4006 859 4078 reddite,
875 4023 930 4080 per
954 4009 1046 4061 totam
1133 4021 1221 4077 opem
1236 4001 1359 4078 vulgavit
1388 3995 1411 4051 El

334 4087 474 4162 prodiere
494 4084 556 4161 jam
572 4088 626 4166 [ld.
641 4087 658 4141 J
663 4105 709 4143 un.
728 4084 827 4161 laos]
843 4083 928 4159 hujus
943 4086 1042 4157 operis
1057 4084 1179 4156 pretiosi
1191 4085 1246 4139 tria
1259 4079 1326 4136 Voll.
1341 4073 1408 4146 unq.

367 4245 381 4270 ³
393 4242 456 4290 curn
469 4240 532 4291 liaeo
544 4243 687 4304 scriberem,
698 4243 810 4291 nondum
823 4240 884 4290 mihi
897 4239 922 4288 in
935 4255 1025 4290 manns
1035 4246 1140 4287 venerat
1158 4237 1305 4302 Aethiopia
1317 4235 1408 4302 Garat-5

337 4322 369 4355 ex
387 4305 535 4354 recensione
552 4306 688 4356 Brunckii:
706 4323 763 4354 cum
775 4305 930 4356 lndioihuab
947 4301 1091 4352 Friederico
1110 4301 1209 4352 Jacobs.
1227 4301 1325 4366 lipsiae,
1337 4295 1406 4364 li'dissl

335 4370 364 4418 ia
374 4371 429 4418 evo.
463 4368 583 4434 Quinque
596 4369 679 4434 priora
690 4369 827 4430 volumina,
838 4384 902 4433 quae
915 4367 1045 4416 continent
1057 4373 1153 4416 textum
1166 4373 1191 4414 st
1201 4362 1298 4424 indices‘,
1306 4364 1352 4436 jani,
1363 4355 1405 4406 idn

335 4440 401 4482 sunt.
434 4431 575 4484 voluminis
585 4438 685 4500 quoque
697 4432 775 4497 pn'mi
784 4442 879 4496 partem
891 4430 1000 4496 priorem
1013 4428 1299 4479 Animadversionuniia
1315 4427 1405 4494 tipum·

336 4504 413 4555 mata,
425 4499 562 4547 secundum
574 4497 688 4547 ordinem
706 4496 887 4544 Analectorum
908 4493 1037 4553 branchii,
1060 4491 1102 4558 [Li
1121 4489 1233 4558 ε.1798.]
1254 4495 1302 4558 jam
1317 4485 1403 4554 penitet

336 4558 429 4609 Nescio
441 4574 473 4608 an
485 4573 572 4616 auctor
582 4561 741 4613 incussimus
752 4559 825 4626 plura
836 4559 917 4611 adhue
929 4557 1043 4610 ediderit.
1077 4509 1176 4623 [idibus
1187 4558 1242 4611 Jun.
1254 4555 1325 4620 18le
