3034 5217
305 335 448 396 NOTAE
465 337 513 396 ΙΝ
540 337 799 398 dromonum
820 337 1014 400 RHODiUM.
1187 343 1219 398 ι’

106 475 223 535 ejusque
238 455 325 529 filios,
337 455 418 531 jussu
433 461 524 532 putris
538 462 699 531 morientis,
714 458 863 536 proiectos
888 477 952 518 esse
975 463 1043 518 uari
1067 458 1217 533 Colchicd,

106 545 134 594 ot
148 536 364 594 Orchomenum
391 539 477 610 irent,
500 539 600 613 ibique
622 539 837 596 haereditatem
858 541 1044 613 reciperent;
1065 545 1151 616 atque
1178 542 1220 596 itn

106 615 285 690 naufragium
300 631 406 688 passos.
429 615 510 672 1..11.
526 635 554 674 v.
574 621 659 689 1094,
677 622 762 675 1151.
785 617 815 674 P.
1047 629 1050 636 ⁴

141 697 207 751 299.
227 692 351 767 -σφιν]
373 710 428 766 pro
441 693 532 766 σφίσι,
554 695 665 771 ι’ριέε-
677 696 841 754 oratoribus
861 695 923 752 scil.
946 711 1016 770 quos
1034 693 1095 770 jum
1109 713 1218 754 memo·

104 776 239 844 ravimus,
253 769 270 790 ''
281 789 348 828 cum
362 770 430 828 filiis
446 772 560 829 Phrixi.
583 773 614 828 Ρ.

139 856 204 908 302.
226 851 274 908 Εκ
289 847 321 908 δέ
337 849 444 925 τοῦ-]
459 853 477 906 1.
493 869 519 906 e.
534 853 566 908 ἐκ
582 848 614 909 δέ
629 850 735 910 τούτου
749 854 805 909 τοῦ
819 847 935 928 χρόνον,
949 851 1053 908 dehinc.

140 934 304 986 306-308.
324 925 398 997 -ἠέ
413 927 460 992 τίς
474 929 550 1007 ἄτη]
566 929 723 988 ἐνέκλασεν
737 929 881 1004 μεσσηγύς
892 927 1050 1001 σινομένους
1062 951 1069 1000 ;
1094 929 1139 986 oei
1152 927 1217 1006 quid

101 1008 202 1064 νιοὶιαιι
215 1006 403 1085 interpellauit
416 1007 448 1063 in
460 1007 549 1065 medio
563 1029 611 1066 oos
622 1022 761 1066 servamus
775 1007 900 1066 nonest?
929 1009 986 1064 Pro
1008 1008 1128 1084 vulgato
1151 1016 1218 1064 σωο-

101 1085 194 1157 μένας
209 1087 413 1160 praetulerunt
427 1085 465 1142 H.
482 1087 583 1162 Steph.
598 1095 630 1146 et
651 1087 779 1144 Brunck.
799 1084 965 1158 σωομένους·
987 1090 1115 1144 activum
1137 1089 1216 1144 enim

102 1172 155 1236 est,
183 1167 276 1240 inquit
299 1165 356 1237 hic,
379 1166 503 1224 verbum
524 1168 664 1239 ἐνικλρῖν,
684 1165 851 1241 significans
864 1163 1040 1237 ἐμποδίζειν.
1059 1163 1216 1236 σινομένους

102 1243 181 1299 reddi
197 1249 291 1318 potest
301 1246 526 1341 proficiscentem
545 1263 612 1304 nam
627 1245 779 1320 Hesychio
799 1244 906 1302 σώοντο
927 1249 972 1301 est
995 1245 1143 1321 ῶρμῶντο,
1169 1242 1218 1318 ἥρ·

101 1339 199 1394 χοντο.
219 1319 236 1340 ”
248 1322 366 1379 Recte.'
385 1325 419 1382 od
435 1319 490 1394 μέν
506 1321 637 1381 πείθεσθε
656 1325 735 1396 ἐμεῖο
754 1322 958 1400 προφέροντος,
973 1325 1025 1380 uc.
1040 1341 1095 1380 παι
1109 1321 1218 1398 quidem

99 1399 170 1456 midi
184 1400 321 1479 ροονίτιίι
335 1400 494 1474 ostendenti,
509 1404 561 1458 διο.
578 1400 593 1420 ”
603 1403 731 1460 Genitir.
741 1420 805 1476 reg.
816 1401 881 1457 Vid.
891 1419 953 1477 sup.
965 1419 993 1476 p.
1009 1404 1052 1460 16·.
1062 1419 1090 1458 v.
1102 1405 1159 1458 414
1184 1399 1216 1457 Ρ.

140 1483 207 1535 311.
227 1479 360 1555 Κίρκην]
382 1481 456 1538 Vide
472 1481 558 1554 suprd
574 1481 610 1538 ad
624 1481 679 1538 Od.
694 1482 723 1554 λ,
737 1486 765 1536 8.
782 1498 809 1555 p.
826 1484 872 1538 46.
981 1505 993 1518 ·
1227 1484 1275 1544 96.

140 1561 206 1613 ³21.
225 1559 371 1622 -αδτοδς
394 1561 421 1615 δ’
442 1560 498 1616 ono*
520 1557 636 1635 δούρασι
665 1561 858 1630 πεπτηῶτας,
873 1557 939 1634 δια]
960 1575 1010 1616 nos
1031 1557 1105 1636 ipsos
1128 1567 1217 1616 entem

100 1633 221 1692 trudibus
234 1636 345 1713 ολίοριοι
359 1636 463 1696 insutus
477 1637 583 1695 Mortis
596 1637 635 1696 od
657 1657 736 1696 οτααι
760 1637 837 1714 ejecit
860 1637 945 1709 uodo,
959 1639 1011 1694 διο.
1032 1636 1216 1706 πεπτηῶτας

100 1731 154 1787 pro
168 1714 374 1784 πεπτηκότας.
394 1714 408 1735 ”
418 1719 471 1788 An,
486 1717 662 1788 πεπτωκῶς,
671 1717 802 1788 πιπτολι,
814 1717 957 1788 πεπτεολς,
968 1714 1132 1786 menende?
1151 1713 1183 1772 P.

138 1797 206 1850 332.
228 1791 329 1868 Χρειῶ
338 1797 364 1851 δ’
381 1793 420 1862 ἢν
434 1795 534 1872 ἐθέλῃς
549 1793 723 1869 ἐξίδμεναι,]
745 1794 891 1852 Βοιίοοιπι
905 1806 994 1852 antem
1015 1794 1040 1850 α’
1061 1793 1105 1852 uis
1120 1812 1217 1871 cogno·

97 1890 180 1928 scere.
194 1870 282 1949 γρειῶ
296 1879 327 1931 et
341 1875 424 1948 χρεῶ
438 1870 493 1945 doc,
508 1872 668 1946 contracte,
681 1875 742 1944 οῦς,
758 1875 791 1948 ἡ,
809 1873 886 1932 idem
900 1871 977 1948 qood
991 1870 1085 1949 χρεία,
1099 1871 1216 1945 ortium,

97 1970 169 2022 usus,
183 1948 335 2025 ιιειαάιοι,
346 1955 398 2010 διο.
411 1953 583 2025 -ἵδμεναι,
598 1959 642 2010 est
656 1953 693 2010 ab
712 1955 808 2024 ίσημι,
832 1955 861 2009 in
885 1951 962 2012 intio.
982 1948 1094 2024 ίσάναι,
1119 1951 1216 2010 louicd

95 2026 213 2101 ι’σάμεν,
227 2046 283 2103 per
295 2048 375 2106 sync.
397 2036 484 2103 ἴσμεν
498 2036 530 2088 et
542 2031 643 2104 ἴδμεν,
658 2032 733 2088 unde
748 2031 878 2102 ἴδμεναι.

137 2111 205 2164 333.
231 2105 380 2185 Τόνδε-]
410 2109 532 2166 Ηιιοο-
558 2109 697 2167 Jasonem
724 2110 788 2167 scii.
817 2127 864 2171 τις
896 2108 1030 2181 βασιλευς
1064 2107 1215 2184 περιώσιον

95 2183 207 2256 ἱέμενος
220 2187 338 2244 ἐλάσσαι
351 2187 518 2248 άπάνευθεν
532 2187 649 2265 πάτρης
666 2185 718 2246 καί
734 2185 880 2260 κτεάνων,
895 2187 1008 2265 pridem
1027 2205 1075 2244 rec
1097 2187 1216 2264 ιἰιιριιιιὲ

95 2264 207 2341 cupiens
220 2267 329 2342 adigere
344 2268 420 2346 longi
435 2267 454 2323 d
462 2267 561 2344 potrid
575 2278 600 2324 οι
617 2265 836 2345 possessionibus.
858 2265 1017 2342 περιῶσιος,
1042 2264 1089 2342 ροντ’
1113 2265 1216 2322 circum

95 2343 230 2478 coctilium,-
249 2349 330 2420 quasi
345 2345 514 2424 ineptatio,
529 2345 704 2402 ςιόοοοιιοιιο.
727 2344 792 2402 inde
817 2346 978 2422 περιέσται,
993 2343 1214 2418 adverbialiter,

93 2441 132 2478 oo
164 2442 240 2492 com
260 2425 326 2480 cusi.

135 2505 205 2557 335.
225 2443 397 2581 goarem]
418 2503 465 2560 hic
484 2501 583 2579 signif.
599 2504 669 2559 sod:
691 2505 747 2560 etsi
770 2501 939 2579 σαωίτερος,
958 2501 975 2558 d
993 2501 1078 2573 σφῶϊ,
1095 2499 1215 2576 proprie

92 2585 180 2636 sonat
200 2589 296 2652 vater,
320 2582 356 2638 de
372 2581 500 2639 duobus:
522 2583 624 2658 [atque
646 2585 688 2643 ita
708 2581 795 2641 Hom.
812 2581 843 2638 11.
857 2601 888 2653 α,
903 2578 1135 2656 ssed-reinna
1157 2579 1216 2638 νέε·

91 2660 162 2715 σθαι
176 2658 270 2735 δεῦρο,
284 2659 369 2718 ms'tts't
383 2661 435 2717 λδο
447 2661 499 2734 ire,
511 2659 682 2734 α’μήγανον,
696 2659 755 2716 sine
770 2659 891 2718 οοαάλίο.

134 2741 203 2794 336.
222 2739 321 2795 -οθδ
335 2737 512 2815 ὑπαλύξειν]
532 2739 613 2798 Ordo
628 2747 688 2796 est:
709 2736 775 2797 οδδέ
789 2740 915 2796 στεῦται
930 2735 1215 2812 nordostunorum

92 2813 260 2888 ὑπαλύξειν
273 2816 430 2892 θυμαλγέα
452 2820 547 2890 μῆνιν
566 2816 616 2876 καὶ
639 2816 730 2892 γόλον
750 2815 936 2890 άμειλίιιτοιο
950 2814 1031 2887 Διὸς,
1049 2815 1109 2873 ουδ’
1121 2815 1216 2886 ἄτλη-

89 2911 149 2950 τον
162 2893 245 2968 ἄγος,
259 2914 293 2953 τε
306 2898 410 2958 ποινάς
430 2894 554 2973 Φρίξοιο,
568 2894 640 2973 πρὶν
656 2898 734 2958 κῶας
745 2894 858 2953 λιτέσθαι
869 2896 897 2956 ἐς
909 2891 1058 2950 Ἑλλάδα.
1078 2895 1215 2968 στεῦται,

91 2989 152 3049 per
166 2990 246 3047 sync.
262 2990 316 3047 pro
329 2972 477 3046 στεδεται,
487 2974 636 3052 promittit.
671 2973 745 3030 Vide
761 2971 847 3049 sopri
862 2973 898 3029 ad
912 2971 966 3028 Od.
982 2973 1011 3044 λ,
1027 2975 1093 3030 583.
1109 2988 1137 3046 p.
1154 2977 1201 3029 54.

134 3056 204 3108 375.
223 3052 474 3130 -δμαρτήσαντε
494 3055 538 3124 ἐφ’
560 3050 733 3127 ιΕλλάδα;]
755 3052 836 3108 Ordo
861 3056 923 3108 est:
945 3048 1015 3127 πρίει
1040 3067 1111 3107 τινα
1134 3051 1272 3122 undose.

90 3127 253 3202 λευγαλέον
265 3130 345 3208 δέρος
362 3129 413 3189 καί
428 3129 582 3206 λευγαλέον
602 3128 806 3208 Φριέονέδεέν,
816 3128 920 3205 adca&
942 3127 1153 3206 ὁμαρτήσαντε
1168 3130 1212 3200 ἐφ’

88 3205 235 3280 Ελλάδα,
249 3219 334 3268 sensu
349 3213 514 3284 perspicuo.
555 3209 606 3269 [λιι
620 3216 719 3267 autem
734 3208 859 3269 formula
874 3212 956 3266 iretis
967 3215 998 3265 et
1011 3209 1214 3267 minitabundis

87 3293 176 3360 apta,
191 3286 333 3364 hodieque
349 3289 430 3364 volgi
444 3307 578 3346 sermone
603 3292 672 3346 sutis
696 3292 773 3346 tritu.
813 3288 954 3346 Maturate
969 3287 1083 3366 sogam,
1105 3287 1215 3366 niquis

86 3374 214 3424 vestano
227 3367 310 3424 υιίίνι
324 3376 348 3426 εί
361 3366 499 3426 Phrixum
511 3368 543 3425 ι’νι
559 3368 710 3425 Graeciam
723 3381 863 3446 reportare
886 3367 963 3440 uelit,
988 3387 1055 3444 ρυοι
1077 3387 1214 3444 conpiano

84 3442 197 3519 vidisse
206 3446 349 3522 optaverit.
390 3447 512 3506 Scilicet
520 3447 565 3506 his
573 3447 673 3503 verbis
686 3445 832 3522 significet
842 3447 960 3518 Aeetes,
972 3461 1035 3518 eos,
1046 3449 1075 3502 ni
1085 3446 1212 3520 propere

86 3522 213 3596 obeant,
228 3521 323 3581 subito
337 3525 441 3584 iisdem
454 3527 607 3602 suppliciis
621 3526 742 3598 plexum
768 3529 815 3598 iri,
840 3541 915 3598 qous
941 3539 1009 3584 mox
1033 3523 1105 3582 dicit
1128 3523 1211 3580 sede

85 3601 152 3658 iilis
167 3606 264 3659 stetim
278 3610 439 3662 sumturum
453 3601 553 3676 fuisse,
568 3606 597 3660 oi
611 3604 749 3677 hospitali
765 3605 863 3660 mensi
873 3599 996 3657 inissent
1007 3600 1022 3656 δ
1032 3617 1064 3657 se
1077 3603 1211 3676 excepti:

83 3687 123 3736 et
136 3683 184 3736 sic
197 3685 323 3740 exsectis
337 3683 444 3757 linguis
458 3688 490 3738 et
503 3684 660 3755 amputatis
671 3682 805 3738 munibus
830 3679 924 3736 vellus
948 3681 977 3735 in
999 3677 1166 3750 Graeciam,
1182 3685 1212 3736 et

84 3758 238 3817 Phrixum
252 3764 449 3834 reportissent
462 3764 532 3818 satis
553 3757 725 3818 tristificum.
746 3758 872 3814 Bouron.
913 3756 1135 3832 θμαρτήσαντε,
1157 3775 1212 3831 pro

82 3837 212 3913 vulgari
227 3837 495 3914 δμαρτήσαντες,ἐ
518 3837 628 3896 duobus
646 3837 729 3893 codd.
752 3841 916 3894 extructum
939 3832 993 3892 fuit
1016 3835 1031 3891 d
1055 3833 1211 3892 Brunckio.

84 3913 236 3974 Refertur
249 3924 347 3974 autem
360 3919 416 3974 iste
430 3917 522 3974 dualis
537 3915 573 3973 ud
590 3914 670 3993 δέρος
693 3921 725 3972 et
753 3913 869 3991 Φρίξον.
910 3912 969 3970 Sed
986 3913 1086 3970 dubito
1111 3931 1147 3969 sm
1165 3917 1213 3971 vir

80 3997 276 4053 acutissimus
290 4012 406 4054 sensum
420 4002 524 4069 poetae
539 3994 620 4052 recte
634 3998 759 4070 ceperit.
801 3995 833 4050 1ο
856 3993 982 4070 vulgetis
1006 4007 1061 4067 pro
1075 3993 1119 4062 ἐφ’
1141 3991 1212 4049 Ἓλ-

79 4071 174 4130 λάδα
189 4074 326 4133 scribitur
337 4077 390 4146 αφ’
405 4071 563 4135 Ἑλλάδος·
578 4079 704 4148 ponatur
717 4075 808 4148 igitur
821 4078 961 4148 punctim
976 4073 1212 4145 interrogationis

77 4157 157 4226 post
170 4149 297 4224 ἰδέσθαι,
312 4159 342 4210 et
355 4170 470 4211 comma
484 4158 550 4286 post
565 4149 724 4213 Ἑλλάδος·
746 4157 833 4226 atque
848 4153 1011 4208 retineatur
1025 4151 1213 4224 participium

78 4233 113 4286 in
133 4231 276 4288 nominet.
290 4232 365 4306 plur.
381 4235 413 4288 ut
429 4231 466 4288 ud
509 4230 587 4287 hrixi
611 4228 686 4286 filios
708 4228 863 4288 referetur.
905 4227 1021 4285 Reddas
1041 4227 1103 4303 jam
1126 4227 1211 4304 Angi.

83 4307 191 4365 Won’t
212 4329 267 4385 ρον
289 4310 400 4386 degum,
414 4309 506 4387 before
519 4329 575 4385 οιιρ
588 4327 638 4366 οπο
652 4308 747 4366 odota
760 4328 779 4366 α
791 4325 833 4366 τοο
846 4305 968 4387 ulflcece
983 4308 1016 4385 [ο
1026 4306 1116 4398 flocco
1130 4317 1156 4364 to
1170 4306 1214 4364 iis

75 4387 160 4463 cust]
174 4387 276 4444 —ond
288 4408 308 4445 o
322 4387 443 4446 Phrixon
457 4398 500 4446 too
510 4387 565 4443 ?-·
571 4387 648 4443 Yon!
667 4387 729 4443 ωλιο
735 4385 800 4464 juin
847 4387 918 4443 them
932 4405 967 4442 oo
981 4385 1052 4442 their
1063 4405 1126 4463 moy
1131 4384 1213 4463 from

76 4469 206 4536 Grecos,
220 4476 268 4523 out
282 4487 318 4524 on
331 4482 444 4524 account
458 4465 494 4544 os
502 4463 648 4603 ιλιῶιιοε,
663 4464 708 4522 but
721 4470 775 4523 dcc.
814 4465 833 4521 J
836 4465 956 4524 udioeut
978 4467 1078 4540 periti.
1093 4515 1098 4524 ,
1119 4463 1213 4522 Locus

96 4554 133 4602 et
149 4543 291 4604 difficilis.
326 4543 340 4566 '‘
349 4544 424 4603 Vide
440 4545 527 4606 Hom.
589 4585 596 4600 .
610 4563 638 4621 p,
652 4547 719 4603 448.
742 4541 772 4602 Ρ.
