3034 5217
382 311 527 412 nonna
552 298 927 414 rn'srraanuunnn.
1006 369 1008 377 ψ
1158 361 1246 418 ssi

89 596 1205 646 mm

350 785 400 844 lll.
429 785 573 846 No'rnn
593 786 639 845 ΙΝ
659 782 959 846 EPlGRAMMATA.

131 940 151 980 ³
164 942 397 1022 hincmare]
432 944 524 1004 Varia
546 943 769 1022 Epigrammata
790 945 918 1019 Graeca,
943 963 1066 1022 quorum
1082 947 1111 1004 in
1126 961 1216 1006 unum
1226 951 1297 1010 321.

86 1022 263 1082 fasciculum
277 1023 415 1082 collectio
429 1024 634 1083 Asruoroorsa
657 1029 774 1083 nomine
790 1022 880 1098 vulgd
904 1025 1069 1098 denotatur,
1092 1024 1218 1102 primdm

86 1103 215 1179 collegit
228 1103 394 1181 Meleager,
405 1103 474 1162 dein
489 1103 653 1179 Philippus,
667 1104 820 1182 Agathias,
838 1103 1044 1163 Constantinus
1058 1103 1217 1182 cephalae,

86 1182 218 1258 denique
230 1181 377 1242 Maximus
390 1182 543 1241 Planudes.

130 1261 214 1319 Vixit
226 1260 384 1340 Meleager
397 1270 465 1320 ante
481 1262 552 1320 Chr.
567 1262 746 1321 N.'circiter
768 1279 856 1321 annos
883 1266 956 1333 150;
976 1264 1092 1321 natione
1118 1263 1218 1340 Syrus,

88 1339 201 1416 oppido
215 1340 404 1412 Gadarenus;
425 1347 456 1400 et
472 1342 611 1401 ininsula
634 1341 678 1400 Co
699 1349 826 1401 mortam
841 1340 946 1399 obiisse
972 1339 1075 1400 femur.
1117 1341 1163 1402 Ex
1177 1344 1219 1401 di·

86 1423 186 1483 versis
202 1423 290 1477 totius
305 1423 371 1478 Anti
393 1422 490 1479 uitatis
504 1438 555 1479 sex
579 1427 611 1479 et
634 1421 825 1498 qnadraginta
850 1420 1040 1496 scriptoribus
1066 1421 1219 1499 Epigram-

87 1507 200 1556 matum
214 1497 365 1574 decerpsit
374 1439 478 1574 Mores,
493 1506 524 1558 et
538 1500 605 1557 inde
618 1501 757 1559 volumen
769 1498 908 1573 coniecit,
919 1501 996 1576 quod
1009 1503 1126 1558 nomine
1141 1493 1219 1560 Στε·

87 1576 196 1651 φαίνου,
223 1594 277 1635 seu
308 1575 444 1653 Coronos,
475 1583 630 1656 insignivit.
667 1579 746 1637 Huic
772 1579 906 1637 Coronae
936 1578 1046 1638 addidit
1074 1581 1218 1656 quaedam

64 1659 182 1731 ipsius
197 1657 359 1714 cultissima
382 1661 523 1733 carmina,
539 1676 662 1735 quorum
685 1656 749 1717 fere*
771 1665 889 1716 centum
904 1663 936 1715 et
961 1661 1081 1735 triginta
1106 1659 1143 1718 ad
1166 1677 1219 1717 nos

112 1741 300 1792 erreneruut.

87 1753 296 1891 prilippus,
311 1816 360 1890 qui
374 1815 453 1875 bunc
475 1819 592 1874 secutus
616 1821 671 1889 est,
696 1815 969 1874 Thessalonicensis
994 1813 1067 1887 fnit;
1089 1833 1216 1894 eumque

88 1892 213 1968 Augusti
239 1895 422 1969 temporibus
445 1896 554 1952 vixisse
579 1896 740 1953 verisimile
756 1901 810 1953 est.
852 1894 991 1970 ls‚·quum
1018 1913 1126 1953 novam
1149 1914 1218 1953 con-

89 1974 232 2030 texuisset
256 1972 462 2048 Anthologiam
487 1991 526 2031 ex
549 1976 654 2048 poetis,
670 1978 719 2051 qui
744 1981 810 2049 post
834 1974 1018 2050 Meleagrum
1045 1973 1219 2050 floruerunt,

89 2050 200 2108 librum
214 2068 329 2127 quoque
344 2069 438 2126 suurn,
455 2051 577 2129 adjectis
593 2055 682 2110 etiam
697 2057 826 2130 propriis
840 2072 896 2112 non
916 2058 1018 2132 paucis
1032 2055 1218 2130 carminibus,

90 2134 122 2186 et
137 2132 200 2206 ipse
215 2136 312 2204 poeta,
328 2129 468 2188 Coronam
483 2131 656 2208 appellarit.

131 2209 309 2284 quingentis
325 2216 356 2267 et
371 2212 497 2287 amplius
512 2217 579 2286 post
607 2210 779 2288 Philippum
803 2214 896 2285 annis,
918 2211 972 2269 sub
996 2209 1084 2269 linem
1106 2213 1220 2270 scilicet

90 2289 185 2346 seculi
199 2305 238 2344 vr.
254 2297 397 2363 regnante
410 2289 429 2346 J
433 2293 586 2363 ustiniano,
600 2293 677 2348 vixit
691 2291 848 2368 .lgathias;
871 2294 920 2368 qui
936 2293 1136 2348 recentiorum
1150 2298 1220 2368 poi-

91 2373 186 2426 tarum
201 2371 333 2424 carmina
346 2374 378 2425 et
391 2385 443 2426 sna
458 2372 486 2426 in
502 2387 591 2426 unum
605 2387 713 2446 corpus
734 2371 875 2447 collegit3
898 2372 982 2446 parvi
1008 2369 1127 2445 qnidam
1152 2369 1221 2428 faci-

91 2446 179 2520 enda,
190 2447 289 2503 sicum
305 2447 363 2504 illis
378 2447 524 2523 prioribus
539 2448 738 2524 conserantur,
752 2449 805 2508 sed
820 2449 856 2508 ad
871 2449 964 2506 seculi
980 2451 1060 2505 istius
1072 2451 1220 2525 ingenium

92 2527 186 2602 magis
200 2526 427 2584 accommodata.
470 2526 524 2585 His
539 2531 630 2604 igitur
645 2533 674 2585 in
689 2530 786 2587 locum
807 2529 923 2586 illorum
945 2525 1085 2602 suffectis,
1100 2529 1221 2604 neglec-

92 2611 141 2662 tae
153 2603 281 2680 jacuisse
297 2606 436 2663 videntur
456 2612 577 2664 veteres
602 2607 671 2665 illae
697 2607 852 2678 Coronae3
875 2626 931 2665 nec
956 2625 1059 2664 aarum
1081 2608 1221 2684 exempla

92 2681 215 2760 amplids
230 2683 489 2756 describebantur;
511 2687 584 2744 adeo
599 2693 632 2745 ut
646 2687 813 2762 periculum
829 2685 919 2744 fuerit
939 2695 976 2743 ne
1002 2683 1117 2761 penitis
1141 2689 1221 2761 peri·
1248 2681 1251 2688 ’

92 2768 169 2836 rent,
184 2764 239 2820 nisi
254 2765 377 2821 circiter
389 2764 520 2825 medium
533 2768 666 2823 seculum
681 2784 710 2824 x.
726 2771 806 2824 ortua
821 2764 925 2825 suisset
943 2767 990 2822 vir
1011 2765 1128 2840 quidam
1152 2765 1221 2822 doc·

92 2847 140 2900 tus
153 2839 357 2900 Constantinus
373 2842 533 2919 Cephalas,
539 2848 597 2920 ,qui
613 2845 711 2903 multis
725 2863 764 2903 ex
783 2845 841 2902 illis
864 2845 998 2916 Coronis,
1022 2843 1155 2918 pluribus
1179 2861 1220 2903 ex

89 2920 238 2996 Agathiae
253 2922 441 2996 collectione,
457 2930 488 2980 et
502 2925 647 2981 nonnullis
661 2923 775 2981 aliunde
800 2923 947 2994 desumtis,
972 2940 1078 2979 novam
1103 2921 1221 2981 taudem

93 2999 300 3078 anthologiam
315 3001 452 3076 condidit,
465 3003 522 3079 qui
535 3003 630 3061 solum
644 3003 755 3061 literati
770 3001 915 3077 homines,
940 3005 1066 3080 quinque
1091 2999 1154 3059 lere*
1174 3019 1222 3060 ss-

92 3079 179 3152 culis,
193 3081 238 3136 usi
250 3085 324 3136 sunt

135 3157 284 3233 Denique,
298 3161 419 3219 ineunte
434 3161 536 3218 seculo
550 3180 609 3220 xrs.
626 3164 720 3220 risum
736 3167 781 3218 est
795 3159 925 3220 Maximo
941 3159 1061 3218 Planudi
1075 3159 1221 3219 monacho

95 3235 428 3314 Constantinopolitano,
457 3240 610 3316 Cephalae
644 3240 851 3298 collectionem
887 3241 1059 3312 instaurare,
1084 3257 1222 3316 eamque,

95 3315 241 3391 Agathiae
254 3319 410 3394 exemplo,
420 3322 448 3376 in
463 3327 579 3395 septem
594 3320 684 3378 libros
696 3317 792 3377 denud
808 3319 994 3392 distribuere,
1005 3320 1102 3376 multis
1117 3323 1222 3378 carmi·

95 3395 180 3452 nibus
194 3397 315 3465 omissis,
330 3398 568 3457 obscoenioribus
593 3398 698 3476 ejectis
723 3400 772 3457 vel
789 3399 990 3474 interpolatis:
1010 3417 1106 3474 neque
1123 3403 1222 3458 tamen
1319 3453 1323 3462 .

96 3491 135 3531 eo
148 3473 281 3548 consilio,
296 3481 328 3533 ut
341 3476 417 3534 nihil
430 3481 485 3536 nisi
500 3496 576 3554 pura
590 3482 619 3536 in
633 3478 839 3536 collectionem
853 3495 936 3534 suam
960 3477 1139 3548 admitteret,
1158 3479 1222 3553 sed,

95 3552 237 3629 quatenus
251 3553 402 3630 conjicere
425 3557 525 3630 liceat,
540 3565 572 3615 ut
594 3561 624 3615 iu
647 3561 798 3633 epitomen
826 3553 937 3630 majora
962 3555 1014 3613 illa
1037 3555 1223 3614 collectanea

94 3631 257 3708 redigeret.
299 3633 378 3692 Nam
390 3635 533 3711 quaedam
543 3637 722 3694 dedicatoria
733 3653 864 3694 summae
880 3635 1047 3710 elegantiae
1061 3639 1091 3692 et
1102 3635 1221 3694 minime*

95 3713 244 3786 impudica
258 3713 382 3788 rejecit,
404 3723 502 3790 atque,
518 3715 585 3772 dum
597 3717 688 3772 multa
699 3715 846 3790 Meleagri
860 3723 892 3770 et
918 3713 1048 3789 Philippi
1075 3713 1224 3772 obscoena

94 3791 278 3866 repudiaret,
292 3812 350 3850 non
365 3811 460 3869 pauca
475 3792 607 3868 ejusdem
622 3795 671 3851 vel
687 3793 798 3870 pejoris
813 3790 926 3850 farinae
942 3793 958 3848 ἐ
972 3793 1163 3868 scriptoribus
1174 3809 1222 3852 re·

93 3872 236 3927 cautioris
251 3875 319 3930 aevi
341 3875 463 3948 recepit.
506 3873 590 3931 Haec
606 3875 701 3930 omnia
717 3877 746 3930 iu
761 3873 858 3947 capita
880 3889 937 3945 per
959 3886 1126 3929 communes
1140 3871 1224 3930 locos

93 3947 235 4024 digessit;
257 3969 353 4027 neque
369 3952 460 4009 ullam
474 3951 573 4023 aliam,
588 3969 676 4027 quam
689 3951 763 4009 hanc
782 3951 915 4007 Planudis
927 3950 1144 4028 anthologiam,
1154 3957 1221 4012 ante

94 4045 202 4085 annum
219 4033 305 4104 l'l'lQ,
320 4033 396 4106 typis
410 4032 560 4106 vulgatam
575 4031 646 4088 vidit
661 4029 839 4105 Respublica
855 4029 1009 4087 Literuria.
1162 4035 1166 4046 '

134 4104 261 4166 Veteres
276 4109 346 4168 illae
361 4107 517 4186 Meleagri,
533 4109 664 4185 Philippi
681 4119 712 4166 et
726 4109 870 4185 agathiae
883 4107 944 4184 jam
967 4106 1082 4188 penitus
1106 4112 1223 4168 interci-

94 4184 201 4243 derant
214 4191 372 4246 memoris:
393 4188 555 4264 eademque
571 4188 725 4264 Cephalae
741 4187 909 4246 collectioni
929 4184 1027 4246 sutura
1048 4184 1151 4248 suisset
1165 4187 1224 4248 sor-

93 4270 176 4338 tuna,
198 4269 253 4324 nisi
274 4286 363 4326 unum
384 4267 448 4345 ejus
472 4269 643 4344 exemplum
667 4269 845 4325 asseruisset
867 4267 1053 4324 Bibliotheca
1078 4267 1222 4346 Palatina,

94 4362 172 4420 quae
187 4353 252 4404 erat
267 4346 499 4424 Heidelbergae.
541 4347 573 4404 ln
587 4346 666 4405 hunc
680 4345 880 4420 Thesaurum,
895 4349 944 4422 qni
967 4347 1029 4404 aliis
1054 4347 1147 4404 doctis
1172 4347 1222 4404 ho-

94 4419 299 4499 minibus'vix,
313 4444 348 4485 ac
363 4446 401 4485 ne
415 4431 467 4487 vix
482 4426 610 4503 quidem,
623 4431 709 4483 notus
723 4432 798 4500 erat,
820 4423 896 4483 sorte
920 4422 1045 4498 fortuni,
1060 4425 1128 4482 dum
1150 4423 1224 4482 alios

94 4501 162 4577 ejus
177 4502 381 4583 Bibliothecae
396 4508 516 4565 codices
526 4499 732 4626 perlustraret,
744 4504 844 4563 incidit
851 4504 1067 4584 celeberrimus
1082 4503 1223 4566 Claudius

95 4580 264 4643 Salmasius.
313 4585 394 4657 Quid
421 4587 541 4649 verbis.
574 4603 643 4646 eum
666 4586 822 4660 descripsit
844 4582 966 4661 juvenis
992 4583 1223 4660 eruditissimus,
