3034 5217
403 333 544 396 tuorna
569 338 613 396 ιΝ
634 327 932 398 abrenuntiari.
1168 347 1223 402 ssi

152 683 165 708 '
175 683 355 744 Posrorrrr-
370 689 398 742 5.
419 683 564 759 Νύμφας]
589 683 651 739 scil.
666 702 810 759 aptarum,
826 683 956 758 poeticd;
980 690 1010 741 ut
1026 681 1100 741 insra
1113 701 1141 759 p.
1158 689 1224 744 328.
1237 692 1303 747 uei,

110 767 140 820 in
156 765 300 836 Antipatri
315 761 422 820 Thess.
438 763 492 837 Ep.
507 781 536 820 v.
551 767 577 820 3.
600 759 767 832 Νύμφαισι.
798 761 921 818 Sensus:
943 761 974 818 N
976 779 1011 818 on
1033 765 1062 818 in
1075 781 1158 838 aqua,
1173 766 1226 822 sed

110 845 140 898 in
155 845 219 898 sinu
233 843 332 897 matris
347 843 431 898 morti
447 842 589 898 occubuit
611 839 667 896 τὸν
682 840 773 910 βαθὺν
788 837 892 912 ὕπνον,
904 858 960 905 run
971 841 1036 918 deep
1050 842 1129 920 sleep.
1149 841 1224 900 Vide

108 920 225 977 Jacobs.
241 917 280 976 T.
295 921 356 976 viii.
371 938 400 994 p.
417 925 481 976 154.
504 919 534 975 P.
1161 917 1167 922 ’

149 1239 454 1317 ΜΕΛΕΑΓΡΟἘ]
475 1239 614 1319 Meleagri
627 1247 770 1317 poemata,
785 1257 859 1318 quae
881 1239 1044 1300 Brunelius
1059 1248 1156 1318 operis
1171 1248 1225 1302 iui-

108 1326 151 1379 tio
166 1320 294 1394 tradidit,
308 1319 365 1376 hdo
387 1323 415 1376 in
437 1320 567 1376 ordinem
589 1322 730 1394 temporis
754 1321 939 1376 reduximus:
962 1324 990 1378 in
1014 1326 1139 1379 caeteris
1162 1323 1224 1398 ejus
1281 1375 1285 1383 f

108 1401 242 1458 ordinem
255 1403 348 1456 secuti
362 1416 468 1471 sumus,
484 1399 532 1474 qui
547 1417 604 1454 non
625 1399 747 1455 multum
769 1397 785 1454 ὲ
807 1405 971 1473 temporum
996 1404 1108 1458 ratione
1132 1401 1222 1460 abest.

108 1479 148 1536 Τ.
171 1478 279 1536 Yonuo.
460 1481 465 1489 '

150 1557 172 1630 l,
190 1562 214 1614 1.
236 1555 382 1633 Εὔφορτοι
397 1553 521 1629 adse-4
542 1554 574 1611 ln
589 1553 645 1609 hoc
661 1554 872 1628 epigrammate
899 1561 1010 1628 auctor,
1054 1559 1083 1614 ui
1106 1563 1222 1617 natione
1329 1539 1341 1628 s

108 1635 198 1710 Syrus
212 1642 284 1703 erat,
300 1635 352 1690 sed
366 1640 434 1690 tuuc
448 1635 590 1711 temporis
604 1633 730 1708 peregre
754 1632 902 1709 profectus
928 1635 963 1690 ad
989 1576 1223 1712 Hellespontum,

107 1731 199 1771 naves
213 1713 379 1788 alloquitur,
394 1729 469 1787 quae
485 1713 559 1768 velis
583 1710 753 1768 ferebantur
775 1729 813 1770 ex
837 1711 948 1769 Euxino
973 1732 1029 1788 per
1051 1713 1224 1790 Hellespon-

108 1799 180 1864 tum,
193 1792 350 1848 secundum
366 1808 447 1846 oram
462 1791 547 1847 Asiae
564 1787 721 1860 inferioris,
735 1808 825 1866 usque
842 1792 878 1848 ad
899 1791 1021 1865 Syriam.
1062 1791 1132 1868 Ejus
1153 1799 1223 1852 anai·

107 1889 144 1928 ca
159 1869 310 1941 Phanium,
325 1886 398 1944 quae
414 1869 450 1925 ad
465 1885 545 1926 oram
561 1868 666 1926 Cariae
676 1867 813 1945 degebat,
825 1887 862 1926 ex
874 1871 997 1932 adverso
1012 1869 1088 1927 Cois
1102 1873 1223 1949 insulae,

107 1950 148 2006 ibi
182 1947 366 2023 Meleagrum
392 1965 475 2004 suum
510 1945 704 2022 Hellesponto
731 1948 903 2006 redeuntem
929 1948 1013 2008 anxie
1038 1952 1222 2024 expectabat.

107 2027 197 2099 Nam,
212 2033 244 2083 ut
258 2026 338 2084 recte
353 2026 522 2083 observavit
535 2025 574 2084 Τ.
591 2025 701 2096 Yooao,
715 2030 841 2102 “potuit
867 2027 1021 2104 Meleager
1042 2046 1136 2104 prope
1151 2029 1225 2088 Hel·-

107 2107 299 2180 “lespoutum
313 2121 388 2176 esse,
412 2103 486 2161 unde
507 2104 628 2162 navibus
652 2112 772 2180 praeter
793 2105 855 2162 Coa
876 2109 960 2162 ituris
979 2109 1121 2165 secundus
1146 2115 1224 2167 esset

106 2189 127 2222 ‘⁴
137 2183 265 2242 Boreas:
288 2183 362 2259 quod
376 2188 474 2240 autem
489 2184 579 2258 pedes
594 2185 684 2240 iturus
699 2189 777 2240 esset
802 2184 926 2260 intelligi
942 2191 1039 2259 potest
1056 2185 1105 2243 vel
1130 2185 1222 2264 figura

106 2267 126 2300 “
138 2265 252 2338 poetici
266 2263 304 2321 ob
319 2265 425 2318 amoris
440 2261 619 2332 violentiam,
635 2261 684 2318 vel
699 2272 795 2318 utnon
805 2263 841 2318 ab
857 2263 1049 2338 Hellesponto
1060 2267 1222 2340 navigaret,

106 2346 126 2379 “
137 2342 188 2398 sed
203 2339 343 2417 majorem
359 2343 425 2397 siae
440 2346 555 2414 partem
570 2341 661 2414 pedes
677 2339 892 2398 iret.'’-lmm‹l
907 2347 996 2399 totam
1011 2345 1133 2414 viam,si
1151 2343 1222 2401 Pha-

105 2424 148 2478 uii
162 2420 341 2478 domicilium
356 2437 412 2478 non
426 2421 454 2474 in
471 2419 561 2476 insula
582 2418 626 2474 Co
649 2425 736 2491 esset,
746 2419 797 2475 sed
813 2423 842 2478 iu
852 2424 1017 2478 continente
1034 2439 1072 2479 ox
1087 2421 1220 2480 adverso.

106 2497 161 2556 His
176 2501 215 2556 ita
231 2498 390 2558 intellectis
405 2503 496 2554 totum
511 2499 603 2572 opigr.
619 2497 699 2554 recte
714 2499 866 2575 procedit3
887 2515 943 2556 nec
958 2517 1030 2574 opus
1041 2505 1085 2556 est
1100 2505 1140 2573 ut,
1155 2519 1222 2560 cum

106 2579 271 2636 doctissimo
295 2576 455 2649 Brunokio,
471 2575 675 2650 indignabundi
704 2594 873 2650 respuamus
890 2575 1064 2656 πεξοπόρον,
1085 2596 1141 2653 quo
1166 2597 1221 2656 pro

106 2654 285 2733 παιζοπόρον
299 2657 438 2729 reposito,
453 2655 537 2726 nibil,
553 2655 603 2712 illo
615 2655 726 2729 judice,
737 2654 858 2730 juvatur
871 2673 978 2714 sensus.
1010 2662 1029 2694 “
1041 2657 1099 2728 Qui
1111 2657 1221 2730 enim‚”

107 2738 275 2810 interrogat
283 2734 344 2807 ille,
353 2734 397 2788 “e‘
410 2733 504 2809 Tyro,
516 2739 565 2789 aut
575 2735 669 2790 altero
678 2737 781 2806 quovis
791 2738 965 2792 continentis
974 2735 1049 2808 loco,
1061 2740 1089 2792 in
1100 2737 1221 2794 insulana

106 2813 267 2888 “pedestri
280 2814 386 2870 itinere
401 2815 559 2885 pervenire
576 2809 732 2884 poteth'
767 2814 852 2882 Quae
864 2812 925 2889 jam
937 2813 1060 2870 diximus
1072 2819 1222 2876 continent

106 2894 333 2965 responsionem.
374 2891 454 2960 Quin
483 2899 513 2945 et
539 2893 601 2962 ipse
627 2885 790 2947 Brunckius
818 2891 909 2950 addit:
939 2889 1105 2948 “Profecto
1126 2895 1220 2951 none

106 2970 220 3044 “Tyro
244 2969 377 3026 mandata
397 2969 471 3026 liaeo
491 2968 587 3038 dedit,
609 2969 713 3024 name
742 2970 916 3044 syriavveta
941 2972 969 3024 in
998 2969 1221 3046 Hellespontum

106 3053 127 3087 “
139 3045 309 3105 facientibus
324 3047 466 3103 secundus
480 3053 584 3103 ventus
597 3065 652 3103 nou
671 3053 715 3103 est
729 3047 850 3120 Boreas,
864 3066 920 3123 quo
935 3045 1023 3106 flante
1040 3048 1096 3106 illis
1112 3051 1140 3106 in
1156 3069 1221 3123 por·

107 3132 128 3165 “
138 3132 169 3184 tu
183 3127 395 3184 subsistendum
410 3124 484 3182 est.'’
506 3125 612 3196 Quidni
623 3128 712 3201 igitur
722 3127 855 3184 mandata
865 3127 940 3184 haec
953 3127 1023 3184 dare
1036 3131 1174 3202 potuisset
1185 3130 1221 3186 ad

107 3202 352 3279 Hellespontum?
372 3202 519 3280 Edpopcot
535 3207 606 3268 νιῖες
621 3204 822 3279 πελαγίτιδες,
840 3203 947 3263 Velooea
968 3226 1050 3264 aava
1070 3227 1123 3285 per
1144 3227 1222 3265 auare

107 3295 284 3357 transeuntes,
308 3285 459 3418 ἑεῦφορτος
481 3290 512 3340 et
532 3282 688 3356 πελαγίπις
710 3283 779 3363 ¹rard
803 3291 969 3358 occurrunt,
997 3303 1099 3342 eorum
1123 3291 1222 3344 autem

107 3366 192 3438 origo
205 3365 275 3419 satis
289 3380 306 3417 o
328 3365 376 3418 via
390 3361 456 3436 est]
478 3359 566 3436 πόρος
583 3361 696 3432 Ἕλλης
713 3369 757 3419 est
773 3361 1049 3440 Hellespontus.-riv
1064 3383 1119 3421 που
1132 3367 1221 3436 ἴδητε

106 3439 278 3514 ἐπ’.ἠῐόνων
294 3441 374 3496 narsi
388 3438 483 3511 Κῴαν
499 3443 589 3510 νῆσον
609 3439 720 3497 Φανίον
732 3441 913 3516 deproperas
928 3443 956 3502 ἐς
979 3442 1112 3518 χαροπὰν
1134 3443 1222 3500 πέλα·

106 3539 167 3596 γος,
180 3519 267 3576 sicubi
280 3518 409 3575 videretis
422 3520 454 3574 in
469 3518 630 3575 littoribus&
648 3519 759 3596 regione
783 3517 855 3574 Cone
877 3519 981 3576 imulas
1003 3519 1132 3578 Phanion
1149 3522 1224 3600 arpi-

107 3598 222 3656 aientem
236 3597 389 3656 coemlenm
402 3617 485 3653 mare.
529 3596 658 3654 Eandem
674 3597 758 3671 hujus
770 3597 828 3654 loci
853 3601 1066 3672 expositionem
1092 3601 1119 3655 in
1143 3617 1224 3656 men-

108 3685 168 3734 tem
182 3679 297 3734 renisse
311 3675 451 3745 Mansoui,
466 3674 543 3748 apud
554 3674 661 3732 Jacobs
678 3676 898 3809 1plinimadrers.
912 3693 941 3751 p.
957 3680 1004 3734 95.
1027 3675 1065 3733 T.
1089 3675 1143 3753 ri]
1175 3679 1224 3734 ob-

107 3773 204 3814 servo.
245 3759 265 3792 “
276 3752 406 3823 Manso‚”
422 3755 513 3828 inquit
529 3753 587 3825 bic,
603 3757 621 3791 “
632 3759 664 3810 ut
698 3752 888 3826 ifficultatem,
909 3753 1085 3812 iBrunckio
1108 3763 1223 3826 motum,

108 3839 128 3871 “
142 3833 307 3909 expediret,
321 3835 531 3906 interpretatur
545 3831 582 3888 de
609 3831 720 3890 Phanio
738 3832 770 3888 in
791 3832 915 3890 litoribus
936 3833 1041 3890 iumine
1065 3833 1122 3890 Coo
1143 3855 1225 3942 oppo-

37 3940 43 3955 ·
108 3913 212 3983 “sitia,
226 3912 253 3968 b.
268 3928 296 3968 e.
313 3914 341 3967 in
365 3911 499 3968 litoribus
521 3909 639 3983 Cariae,
659 3907 781 3968 fortusse
805 3911 999 3969 Halicarnassi
1021 3911 1143 3969 sedente
1155 3911 1225 3968 ι’·-

109 4008 282 4067 quamquam
295 3991 381 4046 aliter
394 3992 458 4063 ipse
474 3988 646 4058 arbitratur;
669 3996 699 4046 et
713 3993 742 4046 in
763 3991 950 4065 sequentibus
975 3989 1049 4048 nibil
1064 3991 1148 4065 uidit,
1169 3993 1224 4048 nisi

108 4069 332 4145 hyperbolicam
346 4068 483 4125 desiderii
498 4067 747 4143 significationem.
789 4069 846 4124 Sed
860 4069 896 4126 ad
910 4071 1042 4143 priorem
1065 4085 1161 4128 meam
1184 4070 1225 4126 in·
1290 4113 1295 4122 .
1339 4127 1353 4154 ι

108 4151 350 4223 terpretationem
366 4146 523 4216 adhaereo,
538 4143 712 4221 suffragante
725 4165 800 4205 nunc
814 4146 969 4216 Mansone3
991 4147 1073 4224 cujus
1084 4163 1226 4224 nuperam

109 4227 278 4284 Carminum
292 4225 437 4299 Meleagri
452 4224 609 4281 editionem
625 4225 735 4302 [Jeme
752 4230 836 4283 1789.
851 4226 882 4282 in
897 4225 973 4302 lion]
994 4226 1119 4284 nondum
1134 4225 1201 4284 vidi.

150 4310 177 4362 i.
198 4301 240 4361 fit
250 4304 311 4380 γάρ
324 4302 546 4378 ποΰτέἵποιτ’,]
557 4303 584 4359 ai
593 4302 823 4382 diceretis—vult
833 4303 1084 4364 autemas‘dioutis.
1117 4303 1148 4362 N
1150 4321 1225 4367 ome

108 4381 152 4440 aiv
164 4385 288 4453 εἵπηή
308 4382 384 4439 Vide
394 4381 505 4438 Dawes
514 4381 597 4438 Misc.
608 4381 730 4440 Critioa.
753 4382 792 4440 Τ.
809 4382 918 4442 Youno.
958 4381 1040 4444 “Sc..
1053 4385 1163 4442 εἴποιτ’
1188 4381 1225 4438 de
1283 4421 1284 4426 η

109 4464 284 4538 praeterito,
297 4463 399 4532 sterni
414 4460 449 4516 de
465 4457 571 4517 futuro.
613 4461 671 4520 Sed
684 4462 753 4520 ride
770 4461 887 4521 Dawes.
910 4481 938 4539 p.
953 4467 1001 4522 85.
1018 4465 1084 4520 207.
1106 4467 1173 4520 217.
1186 4459 1225 4516 de

111 4541 236 4621 optativi
250 4545 281 4597 et
293 4537 470 4615 subjunctivi
484 4555 557 4622 usu,
565 4538 598 4596 P.

150 4617 222 4676 Vm..
238 4618 273 4676 ll.
393 4618 430 4676 36
576 4641 579 4648 ·
