3034 5217
389 337 533 400 norun
552 339 596 398 nu
618 310 917 398 erroaiuuiru
1157 339 1214 396 aa

80 479 182 534 ναμαι
213 457 373 540 [opaeum]
407 457 457 516 Da
485 457 576 516 Laide
605 457 675 514 vide
701 456 894 534 Propriorurn
914 454 1075 545 Nominum
1099 451 1215 512 Lexica.

80 541 255 676 lillffilzs
276 541 324 596 est
343 537 401 595 hoc
421 537 504 596 Matt.
530 537 632 594 Prior:
657 533 747 642 Venae
766 537 829 593 talu
847 555 894 612 my
912 543 1004 592 votive
1022 532 1099 612 gloss
1109 531 1143 604 ;”
1164 535 1215 590 tuo.

81 853 102 908 J
127 775 181 911 liu,
205 780 230 833 l.
247 743 398 849 ’Ναυκγοῦ
411 772 509 848 τρέφος
523 769 610 850 αἱμα]
640 770 705 829 Ηοο
718 775 760 830 ita
773 771 901 832 reddidit
911 769 1124 830 celeberrimus
1139 769 1215 828 Sam.
1227 774 1294 831 323.
1378 835 1381 842 ,

107 872 126 912 o
150 871 237 913 asoa:

208 1009 376 1147 Noffisgus
389 1009 524 1088 liicjoceo
535 1031 547 1080 ,·
568 1019 675 1091 ceptro,
681 1011 760 1086 jacet
774 1027 832 1066 eoae
848 1009 978 1066 romnus!

247 1089 265 1146 1
337 1107 415 1147 orma
429 1100 529 1160 terrae,
542 1088 601 1162 rio‚'
603 1090 755 1181 pelagoque
769 1088 863 1146 ardea.

81 1248 215 1324 Elegans
227 1203 383 1319 diatonon,
394 1250 443 1304 cui
454 1229 666 1322 comparandus
677 1223 849 1322 piaeclarus
859 1245 936 1321 apud
952 1247 1123 1305 Petronium
1134 1245 1215 1306 iocus

80 1347 115 1401 p.
132 1332 199 1384 404.
215 1325 284 1384 edit.
299 1327 438 1406 &ludriam
474 1326 529 1382 Sed
542 1345 598 1383 αοιι
611 1326 670 1383 solo
683 1323 854 1398 mortalibus,
869 1327 920 1382 duc.
942 1324 1057 1382 laeuus.

1154 1536 1210 1554 -l

125 1690 367 1761 Marsuam-1.
386 1689 455 1746 ‘Ad'
468 1690 524 1766 ἐγώ
533 1687 611 1764 a-]
640 1688 763 1754 Parodia
778 1689 852 1746 alius
866 1693 1088 1766 epigrammatis
1103 1692 1131 1748 in
1147 1689 1214 1765 nja-
1239 1740 1244 1766 Ι,

82 1772 128 1827 cis
143 1759 403 1844 sepulchrum.‘'1'.
422 1767 530 1826 Youuo.
580 1768 625 1825 En
646 1768 846 1844 Epigramma,
868 1768 904 1826 ad
933 1769 1010 1846 quod
1036 1769 1139 1827 alludit
1166 1771 1215 1826 vir

83 1849 277 1906 doctissimus.
320 1848 459 1913 Occurrit
487 1850 565 1907 inter
594 1847 792 1906 additamenta
821 1851 1067 1923 epigrammatum
1093 1851 1121 1904 iu
1141 1847 1212 1905 edit.

83 1927 290 2001 Wecheliani,
304 1945 334 2002 p.
349 1931 377 1984 6.
393 1932 426 1984 et
440 1929 468 1982 in
484 1925 625 1985 Bruackii
641 1927 773 1985 Analect.
789 1927 876 1984 Tem.
894 1931 911 1984 i.
927 1946 956 2002 p.
975 1932 1039 1986 178.
1059 1928 1108 1986 ubi
1132 1926 1213 1984 recte

83 2005 263 2063 adscribitur
276 2007 446 2076 Aristotelir
468 2008 642 2063 auctoritate
652 2006 818 2084 'Porphyrii
831 2007 858 2062 in
874 2005 1038 2065 Homerum
1048 2005 1212 2064 Comment.

83 2083 163 2143 Vide
176 2083 307 2145 Eustatli.
324 2088 353 2142 in
368 2083 456 2143 Hom.
470 2082 500 2161 ρ’.
516 2087 583 2143 885.
598 2085 669 2143 edit.
685 2085 767 2143 Rom.
782 2081 840 2142 ‘'ll.
856 2085 884 2158 β,
899 2090 966 2142 557.

202 2243 268 2300 ‘Ad'
282 2243 370 2316 lyoid
385 2239 513 2316 atalpero
529 2242 632 2320 Aparni
648 2243 730 2320 aupol
745 2245 824 2316 τῷδε
840 2241 975 2316 κάθημαι

245 2322 380 2386 Αἴαντος
395 2319 508 2395 adridat,
524 2323 682 2399 κειραμένα
697 2321 876 2396 πλοκάμους,

209 2399 310 2472 eopia
324 2402 395 2476 οἴχει
409 2399 531 2475 μεγάλῳ
545 2397 734 2473 βεόολημένα·
755 2405 791 2464 οἶος
807 2405 876 2479 παρ’
895 2402 1020 2475 Alutela

171 2524 177 2537 ,
241 2481 281 2537 ‘A
295 2479 448 2558 daldppms
462 2477 579 2538 Λαοίτα
595 2479 712 2556 κρέσσον
725 2483 796 2553 ἐμεῦ
812 2479 957 2558 κέκριται.

88 2639 298 2714 Argumentum
310 2640 427 2698 scilicet
441 2643 567 2699 sumitur
579 2639 596 2696 ai
609 2643 774 2696 certamine
791 2641 869 2696 inter
885 2637 1003 2714 Ajacem
1019 2642 1050 2694 et
1077 2636 1214 2715 Ulyssem

86 2718 125 2774 de
142 2720 230 2774 armis
246 2716 379 2793 Achillis,
396 2722 423 2776 in
440 2737 497 2794 quo
511 2715 696 2796 πολύτροπος
723 2718 870 2782 Odsudedr
896 2723 1104 2792 reportaverat
1128 2735 1214 2792 prae·

86 2799 185 2853 mium.
226 2794 387 2854 Caeterdm
402 2799 423 2869 ἡ
438 2797 555 2856 Λαοίτα
571 2796 709 2875 κέκριται
726 2797 853 2873 κρέσσον,
865 2802 896 2852 et
911 2799 931 2868 si
944 2795 1062 2874 Τέρψις
1077 2796 1213 2873 κέκριται

85 2875 784 3014 attitulatam?attuit
804 2870 1242 3033 attitulatur

127 3117 145 3147 ‘¹
157 3113 291 3190 Pingitur
305 3114 406 3171 Virtus
421 3113 549 3189 lugentis
563 3113 667 3171 habitu
682 3111 832 3186 Voluptati
849 3111 982 3170 adsidere
1006 3118 1037 3169 et
1059 3115 1213 3188 conqueri,

84 3192 199 3268 quodsi
227 3192 340 3272 Τέρψις
360 3192 417 3251 sibi
442 3199 644 3268 anteponatur.
665 3191 991 3268 Jrcoas.-aapaptva,
1016 3209 1077 3248 nor.
1097 3197 1121 3250 l.
1137 3193 1213 3250 med.
1334 3209 1338 3220 ⁴

85 3271 145 3343 hic,
159 3277 191 3328 et
205 3275 379 3347 pracsertim
394 3269 471 3330 iufra
485 3277 514 3329 in
530 3273 677 3330 Leonidae
693 3272 819 3330 Terent.
835 3271 885 3344 ill,
899 3276 1051 3328 mensum
1065 3275 1214 3344 passivum
1265 3313 1274 3326 .

85 3349 233 3408 exhibere
248 3350 375 3414 videtur.
417 3351 596 3428 Exemplum
610 3370 666 3410 ceu
682 3369 781 3409 rarum
796 3350 961 3426 hujusmodi
976 3351 1122 3408 incudem
1137 3369 1213 3410 voce

85 3431 220 3488 meminit
241 3429 358 3488 Kaster.
381 3429 430 3487 De
456 3431 546 3488 Verb.
562 3431 639 3488 Med.
656 3431 684 3487 S.
701 3434 744 3488 iii.
758 3430 807 3490 fin.
823 3430 884 3488 scil.
906 3428 1050 3524 ἐκείρατο,
1075 3431 1103 3486 in
1127 3430 1212 3505 Frag.

85 3511 180 3567 Aaou.
196 3508 274 3584 apu'd
287 3508 434 3567 Plutarch.
450 3509 489 3568 Τ.
504 3512 532 3568 ii.
546 3529 576 3586 p.
594 3514 680 3567 1098.
696 3509 734 3566 Τ.
746 3529 775 3568 x.
787 3513 854 3567 516.
870 3507 943 3566 Adv.
959 3507 1079 3583 Epicur.
1095 3507 1212 3566 Reiske.

94 3586 267 3666 Ημετὲραις
283 3588 400 3659 βουλαῖς
412 3587 547 3666 Σαοίρτα
561 3586 617 3662 μὲν
631 3587 766 3665 ἐκείρατο
778 3587 881 3660 δόξαν.
902 3588 940 3644 At
953 3588 1070 3662 saepius
1086 3589 1126 3644 ita
1136 3605 1215 3644 com·

84 3667 216 3743 paret'in
232 3666 378 3724 Plutarch.
398 3667 474 3725 Vide
489 3668 549 3725 lnd.
565 3668 617 3725 Gr.
629 3668 749 3725 Reislre.
772 3667 910 3743 Adjicere
920 3658 1141 3740 Ιὶαεῒσχοριέοη,
1153 3685 1213 3724 aor.

84 3751 114 3802 8.
129 3745 205 3804 med.
219 3761 307 3804 sensu
320 3763 395 3820 pass.
409 3763 499 3822 supra
513 3765 542 3822 p.
558 3751 625 3806 299.
641 3765 668 3804 v.
688 3751 736 3804 28.
751 3754 784 3805 et
808 3747 888 3804 aiibi.
930 3745 1006 3802 Vide
1022 3763 1111 3820 supra
1126 3745 1162 3802 ad
1184 3763 1222 3820 p.·

83 3828 248 3884 sturae.
272 3824 346 3882 item
357 3825 444 3883 Hom.
456 3825 489 3882 li.
505 3827 534 3902 t,
549 3830 615 3884 233.
631 3829 699 3884 237.
712 3825 834 3900 ultrice
844 3824 894 3899 ὣς,
905 3821 1163 3902 ἐτραπετάίχμή.
1179 3824 1211 3882 Ρ.

124 4159 308 4230 Arrius-i.
329 4157 443 4232 Μάνης
457 4153 598 4234 adeor-1
619 4160 651 4216 ln
665 4161 746 4214 servi
763 4151 913 4216 tumulu‘m.
956 4155 1075 4214 Nomen
1098 4155 1211 4227 Μάνης

84 4239 179 4296 serris
193 4240 354 4315 proprium.
376 4237 490 4298 Jacous.
532 4236 598 4295 Hoc
611 4239 652 4296 ita
662 4234 789 4294 reddidit
801 4236 1016 4296 celeberrimus
1030 4237 1106 4294 Sam.
1122 4235 1213 4296 John-

83 4334 156 4375 son:

167 4473 309 4554 Qoijaca
323 4475 376 4552 lac,
390 4498 483 4536 aarum
494 4475 569 4535 uixit
577 4499 588 4547 ,·
608 4475 810 4553 annaliorum
824 4493 924 4550 emata,

72 4578 92 4594 ··
207 4552 301 4616 Dario
313 4575 415 4635 magno
428 4577 485 4619 aaa
497 4555 649 4619 mirmillo
660 4564 757 4635 potest.
