3034 5217
234 343 238 348 ⁴
329 380 343 418 ,
453 330 596 396 noris
616 335 661 396 nr
682 335 904 399 PINDARUM.
1052 351 1060 360 “
1181 346 1239 403 ια
1331 353 1350 366 ··

109 453 180 512 ,πο
193 452 244 511 ver
252 451 362 530 μανον
377 421 519 524 τέκνω
539 447 605 512 inte
620 455 701 527 mars,
716 455 847 590 παραυ,
863 453 956 536 impet,
970 457 1022 514 ue.
1052 454 1127 516 vute
1153 459 1316 518 suosne.

110 551 184 591 ιιοιι.
205 533 292 590 Ρςον.
307 536 358 589 rii.
374 539 402 590 7.
418 537 456 590 ix.
471 537 499 591 6.
515 541 547 591 et
561 537 686 610 passim3
707 540 739 591 et
778 553 825 592 ex.
848 535 879 592 P.

156 615 222 670 loti.
242 612 364 669 -oa'd'
378 614 411 669 έν
425 614 502 685 τᾷδε
527 612 595 675 Arde
617 612 756 690 δργρῖ-]
779 634 895 692 nomque
917 613 1016 682 delicto
1030 613 1063 672 in
1085 613 1135 672 ίιοα
1158 615 1240 675 Jove

109 689 271 770 imperio-
287 694 305 750 i.
320 709 347 748 e.
361 691 394 747 ιἰι
408 692 459 749 loo
475 691 558 760 nitd;
578 709 644 749 nam
668 699 700 750 ut
725 693 867 767 Neptuno
889 696 986 766 meris,
1003 693 1117 752 Plutoni
1134 694 1241 752 infero·
1321 711 1326 720 ·

110 780 191 843 rum,
207 774 246 828 iu
262 770 279 828 J
283 771 332 828 ori
348 772 424 827 caeli
440 775 470 827 et
486 782 584 828 terrae
601 774 757 846 imperium
774 772 882 830 Poetae
898 771 1066 830 attribuunt.
1090 773 1225 833 Scnnrnr.

156 849 540 927 111--11θ.-παρυίμέν
564 848 673 922 τιμίοις
697 849 794 926 θεῶν]
815 868 871 906 non
894 867 960 908 cum
987 851 1083 908 Schol.
1107 853 1239 930 intelligo
1360 861 1364 869 '

110 927 148 984 δι
164 927 280 984 Plutone
294 939 320 986 et
335 927 405 986 Pros
460 929 515 995 ἀεί,
530 935 561 985 ut
575 931 611 985 sit
625 947 679 1004 pro
695 927 802 1001 τιμίοις
818 929 910 1001 θεοῖς,
925 929 976 985 sed
992 925 1086 1004 potids
1109 931 1145 988 de
1169 933 1240 990 omi-

110 1007 156 1062 ois
165 1005 285 1078 deorum,
296 1007 395 1079 διοςο,
406 949 512 1080 moi,
528 1007 748 1065 Ηίιαδαπιαπιίιο.
770 1007 891 1064 Gnmur.
912 1007 1079 1086 εδορκίαις,]
1090 1009 1239 1086 τουτέστι,

111 1083 237 1162 τρόπος
251 1085 377 1143 εδσεσὲσι
394 1108 431 1142 κα
459 1086 594 1149 δικαίοις.
610 1087 699 1142 Soliol.
715 1085 765 1144 ''v.
795 1091 857 1144 116.
876 1087 979 1144 κεινςίν
993 1105 1047 1162 pro
1064 1087 1168 1159 κενήν.
1193 1089 1224 1147 Ρ.

158 1164 387 1240 121.ται“δ’-]
411 1166 499 1239 ἤγουν
523 1168 548 1224 ol
573 1167 633 1237 τῆς
659 1165 763 1242 ἐτέρας
785 1163 911 1242 μερίδος,
926 1167 953 1222 ol
977 1161 1063 1224 κακοί
1084 1165 1239 1244 δηλονότι,

112 1240 168 1299 καί
194 1241 465 1317 ἀπαιδαγωγήτους
490 1246 610 1318 ἔχοντες
635 1244 764 1319 γνώμας,
789 1243 879 1301 πόνον
904 1242 1055 1318 ὀκχέοντι,
1081 1245 1239 1304 τουτέστιν

110 1319 306 1392 ὑφίστανται.
328 1323 417 1379 Sciol.
439 1322 589 1398 ὀκχέοντι,
603 1322 677 1380 Dor.
693 1339 748 1398 pro
771 1322 916 1400 δκγέουσι,
938 1325 1048 1380 inserto
1073 1343 1090 1381 κ
1116 1325 1162 1382 ου·
1178 1343 1240 1384 me-

110 1406 200 1457 trum.

156 1483 319 1539 123-127.
338 1479 461 1543 Ὀσοιδ
485 1477 721 1582 ἐτόλμασαν-ρ
762 1479 876 1538 Insulae
899 1480 1051 1538 beatorum
1075 1485 1149 1540 sitne
1173 1489 1239 1542 sunt
1276 1483 1287 1508 ⁸

109 1557 144 1615 in
160 1577 269 1629 oceano,
285 1560 368 1638 [hino
383 1579 410 1616 v.
430 1565 492 1617 129.
507 1559 666 1621 ὠκεανίδες
681 1559 793 1636 αυραι,]
810 1566 840 1616 et
850 1557 907 1617 illis
918 1560 1116 1618 tantummodo
1127 1569 1239 1638 patent,

111 1640 175 1712 qui,
187 1641 291 1695 iterati
307 1638 491 1713 Palingenesi
502 1640 652 1714 tribusque
667 1641 695 1696 in
709 1643 788 1696 terri
801 1642 868 1697 vitis
879 1641 1018 1714 peractis,
1027 1657 1143 1697 omnem
1153 1645 1239 1700 vitio-
1360 1701 1374 1716 ,

111 1731 179 1772 rum
193 1717 291 1774 labem
305 1724 462 1791 exuerunt,
478 1736 572 1794 eoque
589 1721 669 1793 qunsi
686 1721 714 1776 in
730 1720 839 1778 λινοααι
853 1735 1006 1774 numerum
1024 1725 1090 1776 sunt
1111 1725 1237 1796 recepti.

109 1795 223 1852 -Soio
248 1796 431 1872 equidem‚i
455 1798 590 1872 plurimis
610 1805 746 1858 veterum
771 1802 946 1872 scriptorum
971 1797 1075 1854 ιἰιιιιίαι
1099 1797 1238 1856 beatorum

111 1891 171 1930 oon
185 1873 321 1950 distingui
335 1875 432 1932 solere
449 1877 486 1932 ab
501 1875 607 1953 Elysio.
649 1875 707 1933 Sed
724 1876 864 1933 Pindarus
879 1873 1031 1932 omnindlr.
1042 1876 1060 1932 l.
1076 1877 1237 1956 distinguit,

112 1952 236 2028 illasque
252 1955 389 2011 altiorem
404 1953 553 2012 felicitatis
576 1961 642 2031 post
664 1963 788 2013 mortem
812 1953 945 2030 gradum,
965 1955 1098 2030 pluribus
1119 1955 1237 2015 demdm

112 2034 144 2088 in
165 2031 244 2088 Orco
268 2035 492 2108 purgationibus
513 2033 764 2106 commerendum‚
788 2035 939 2090 continere
962 2033 1237 2114 innuit-Legatur
1294 2057 1298 2066 ·

112 2113 256 2185 imprimis
271 2113 317 2168 vir
329 2129 457 2170 summus
472 2113 578 2188 Heyne
594 2116 624 2172 in
645 2111 818 2169 doctissimis
843 2111 1071 2170 Excursionibus
1094 2115 1129 2170 od
1153 2115 1234 2191 Virg.

109 2189 185 2245 Aeo.
195 2190 406 2263 ri.—lretlov‚
414 2191 595 2270 perfecerunt.
612 2191 741 2266 Hesyolr.
764 2189 914 2263 τέλλεται,
927 2189 1061 2256 α’νύεται·
1077 2200 1108 2250 et
1118 2192 1235 2269 τέλλον,

109 2265 234 2325 έποιουν.
254 2269 375 2326 Geornn
394 2271 476 2327 Ὅσοι
489 2267 522 2327 δέ
537 2267 738 2366 ἐκαρτέρησαν
757 2269 846 2348 μέχρι
871 2271 961 2346 τριῶν
980 2269 1179 2347 tumorem
1192 2273 1235 2338 είς

110 2344 243 2423 έκοίτερα
259 2347 301 2404 ταί
313 2345 397 2425 μέρη,
412 2353 456 2412 είς
471 2369 505 2408 τε
521 2349 577 2406 τδν
591 2353 624 2417 ἐν
639 2350 715 2422 ρι’δου
727 2349 807 2421 μεταί
822 2348 971 2422 δοίνατον,
985 2354 1028 2411 εἵς
1043 2368 1077 2406 τε
1102 2353 1157 2407 τον
1176 2354 1235 2422 τῆς

110 2428 191 2497 ζωῆς
205 2424 321 2502 χρόνον,
334 2425 444 2485 δίκαιοι
459 2427 694 2504 γενέσθαι,-καί
710 2428 772 2501 την
789 2430 895 2508 ψυγην
910 2425 993 2485 ὁσίαν
1004 2425 1142 2500 φυλάξαι,
1152 2422 1235 2487 οὗτοι

109 2504 289 2579 ἐστάλησαν,
303 2506 345 2568 είς
362 2505 383 2578 ἢ
387 2527 401 2563 ν
416 2509 520 2580 ἔταξεν
535 2509 550 2564 d
564 2507 649 2571 Ζεύς·
670 2501 688 2565 ‘o‘
703 2512 796 2581 ἐστιν,
811 2509 851 2572 εἰς
868 2507 926 2570 τοίς
948 2505 1093 2585 μακιίρων
1118 2505 1236 2583 νήσους,

108 2583 181 2640 ἔνθα
194 2583 308 2661 Κρόνος
322 2585 384 2659 ἔχει
399 2587 460 2658 την
474 2589 541 2645 έκεί
559 2585 743 2658 κατοίκησιν·
764 2589 796 2644 ἐν
809 2581 857 2650 uls
874 2587 983 2660 νήσοις,
998 2584 1123 2658 πλησίον
1137 2588 1234 2652 οὔσαις

109 2664 167 2720 τοῦ
179 2664 319 2735 ὠκεανοῦ,
333 2667 365 2722 αἱ
378 2667 518 2724 πλεῖσται
531 2663 582 2722 καί
595 2667 691 2736 ἡδεῖαι
706 2657 793 2743 αιἰραι
809 2665 944 2743 τέρπουσι
959 2663 1105 2722 πνέουσαι·
1128 2664 1182 2724 καί
1195 2667 1238 2726 τιί

108 2743 143 2798 έν
156 2744 264 2805 auran
278 2743 357 2815 ἄνθη
371 2747 407 2807 ὡς
423 2746 527 2822 γρισδς
541 2742 664 2801 στίλδει·
686 2745 727 2802 τιί
741 2743 797 2816 μέν
819 2745 894 2801 ὄντα
909 2747 942 2802 έιι
958 2745 1018 2815 τῆς
1041 2747 1110 2818 γῆς·
1132 2747 1189 2822 [τοί
1200 2745 1235 2804 δέ

107 2822 143 2876 lx
160 2824 220 2878 τῶν
233 2819 364 2897 δένδρων
379 2826 442 2880 τῶν
457 2826 489 2879 έν
504 2827 548 2891 τῆ
562 2821 676 2899 lipom]
692 2825 734 2880 τιί
746 2822 779 2880 δέ
794 2825 827 2879 ἐκ
843 2825 901 2894 τῆς
926 2823 986 2878 τῶν
1010 2820 1130 2878 uturum
1142 2824 1235 2898 α’ποῤ-

106 2897 187 2973 potire
204 2897 382 2976 τρεφόμενα,
396 2900 481 2959 οἱονεί
495 2887 575 2978 ῥόδα,
590 2900 735 2975 διίκιιθοι,
750 2907 792 2958 lo·
814 2904 916 2958 ταῦτα
939 2899 998 2996 γοίρ
1018 2897 1109 2958 [ίδατι
1132 2901 1234 2978 τρέφε-

108 2997 172 3034 ται.
194 2975 581 3053 έξῶνιίνθέωνοίδίκαιοι
606 2985 675 3044 ταῖς
702 2983 816 3038 ἑαυτῶν
840 2978 942 3057 χερσίν
966 2973 981 3035 ὃ
1002 2997 1071 3050 μους
1094 2979 1233 3038 πλέκουσι

108 3053 164 3113 καί
177 3057 350 3129 στεριίνονς.
371 3057 560 3118 ἐνδείκνυται
574 3059 608 3116 δέ
622 3060 660 3115 ed
676 3058 859 3137 ὑπερσιίλλον
878 3059 936 3130 τῆς
959 2997 1102 3154 τέρψεως.
1123 3058 1233 3128 veludi

107 3139 911 3294 linitititlltliiiltiilluminatio
924 3134 1234 3291 ‘iliiillluilli

107 3292 226 3369 regiam.
256 3295 392 3352 Saturnus
404 3299 494 3372 igitur
505 3294 533 3353 h.
549 3296 567 3352 l.
586 3304 688 3353 contra
698 3298 853 3372 vulgarem
871 3294 1155 3372 Mythographorum
1171 3301 1233 3372 opi·
1269 3349 1272 3352 .

106 3373 228 3428 niooem
243 3372 362 3448 fingitur
374 3392 529 3449 supremus
544 3378 702 3432 insularum
713 3376 865 3432 beatorum
883 3377 953 3453 [non
972 3372 1077 3449 Elysii]
1100 3373 1232 3434 Praeses.

107 3449 230 3544 firmius„
243 3448 441 3589 {Secundum
465 3454 563 3511 Schol.
586 3453 829 3532 supri‚‘Oppoiot
845 3453 974 3531 γέρας-
988 3460 1034 3509 est
1051 3470 1106 3527 pro
1130 3451 1233 3532 χερσίν
1252 3527 1256 3536 ι

105 3547 123 3588 ο
168 3546 222 3592 ους.
267 3572 273 3586 .

127 3546 217 3665 ρμέδθ.
237 3609 391 3683 -αἴιθεμα
405 3607 453 3688 δέ]
475 3611 550 3668 Sane
573 3610 687 3684 ἄνθεμα
713 3614 824 3686 possint
847 3609 882 3667 ad
904 3610 961 3666 duo
983 3615 1095 3666 lantum
1119 3609 1310 3686 generai'lfi.

107 3691 256 3760 revocari,
271 3689 408 3746 arborum
422 3699 453 3746 et
467 3693 666 3766 aquatioarum
682 3691 866 3764 plantarum
887 3685 989 3746 melitis
1012 3695 1110 3746 tamen
1134 3691 1166 3748 θ’
1183 3709 1233 3768 np-
1316 3731 1322 3744 ,

106 3783 202 3840 pones
216 3771 282 3842 post
294 3767 450 3846 δενδρέων,
466 3775 498 3824 ut
510 3771 564 3825 sit:
585 3769 628 3826 τοί
642 3767 697 3839 μέν
712 3765 862 3845 χερσόθεν,
875 3769 896 3826 οί
900 3769 932 3824 π’
951 3768 1073 3842 α’γλαῶν
1087 3767 1232 3846 δενδρέων

106 3845 152 3916 θ’,
168 3843 248 3922 ὕδωρ
260 3845 288 3902 δ
299 3847 379 3904 ἄλλα
394 3846 501 3923 ρέρδει·
523 3849 631 3903 mutati
645 3850 784 3905 orationis
799 3845 890 3903 sormi
909 3863 963 3920 pro
977 3847 1019 3904 ou*
1033 3843 1089 3918 μέν
1111 3851 1144 3904 ἐκ
1167 3849 1233 3926 χέρ-

107 3930 162 3988 σου,
169 3941 223 3979 seu
236 3926 303 3999 γῆς,
318 3927 360 3984 τοί
371 3925 404 3984 δέ
418 3927 479 3984 διεδ
491 3924 647 4002 δενδρέων,
662 3927 705 3983 rol
716 3924 749 3982 δέ
764 3929 794 3997 ἐξ
809 3923 929 3988 ίίδατος.
950 3925 1062 3984 Heius.
1155 3986 1160 4010 ι
1222 3955 1226 3964 .

149 3999 243 4059 ‘'142.
263 4003 445 4080 δλέγονται·]
465 4006 671 4082 α’ριθμοῦνται,
691 4001 972 4078 συγκαταλέγονται.
994 4003 1082 4060 Selol.
1106 4001 1137 4060 P.

149 4078 167 4101 ‘'
180 4086 243 4138 148.
264 4085 343 4146 dosis
359 4103 394 4143 τε
409 4083 544 4159 παῖδ-]
566 4083 622 4140 τδν
638 4082 795 4156 Μέμνονα,
810 4083 867 4140 τδν
886 4081 1099 4156 Τιθωνοῦ,τοῦ
1117 4080 1233 4155 Λαομέ·

107 4161 224 4234 δοντος,
240 4161 290 4220 καί
302 4161 446 4240 Ἡμέρας.
469 4163 557 4219 Soloi.
579 4163 653 4220 Vide
669 4161 748 4237 Virg.
763 4163 836 4219 ileo.
852 4163 870 4217 i.
882 4166 949 4219 489.
964 4167 1032 4218 751.
1046 4161 1099 4218 lto.
1114 4168 1146 4218 et
1159 4161 1231 4220 Exn.

109 4241 170 4295 xix.
186 4243 266 4297 xxvi.
283 4241 405 4317 lleyne:
427 4241 538 4299 Herod.
554 4241 589 4297 V.
605 4247 651 4298 54.
668 4247 698 4297 et
712 4257 810 4316 supra,
827 4258 856 4316 p.
872 4245 918 4298 52.
935 4259 961 4300 v..
978 4245 1043 4298 osi.
1066 4237 1097 4295 P.
1345 4302 1348 4312 ¹

152 4321 316 4377 149-154.
336 4317 489 4380 -Πολλιί
503 4339 551 4394 μοι
568 4321 616 4380 ὑπ’
629 4319 815 4396 α’γκῶνος--]
838 4319 937 4395 Longi
962 4319 1140 4396 digressione
1162 4335 1231 4378 usui

108 4396 228 4455 tandem
243 4397 279 4455 sd
292 4397 441 4456 Theronis
456 4399 557 4456 laudes
571 4399 750 4474 regreditur,
766 4416 835 4474 quas
851 4403 882 4455 ut
896 4398 988 4473 pluris
1011 4397 1115 4455 Thero
1129 4393 1230 4472 saciet,

107 4477 191 4550 prius
211 4495 263 4534 sun
284 4481 415 4536 carmina
438 4479 632 4552 commendat,
647 4483 680 4534 ot
703 4477 849 4554 intelligat
873 4477 935 4550 ille,
949 4493 980 4534 se
995 4493 1052 4534 nou
1074 4476 1091 4533 i
1114 4477 1231 4552 vulgari

109 4555 197 4686 ρορρδ
210 4555 328 4691 Ιαρρατλ.
369 4556 530 4636 Compurnt
544 4561 673 4618 carmina
687 4573 740 4616 suu
753 4571 821 4616 oum
838 4559 961 4633 sagittis,
986 4573 1062 4633 quoe
1087 4555 1232 4634 ellegorie

177 4651 223 4692 os.
271 4677 278 4689 .
478 4641 516 4693 30

1492 383 1494 472 l
