3034 5217
271 343 308 397 ot
496 368 499 375 .
605 330 747 392 Norat:
767 330 813 389 IN
833 327 1049 389 HESIODUM.

211 461 258 517 69.
310 460 356 512 54.
376 452 497 532 -πέρι]
517 449 729 529 περισσότερον.
749 449 1082 524 μήδεα-βουλεύματα.
1102 447 1391 532 clunic-yconomo.

272 534 361 591 ιςῦλλθλ.

309 617 357 669 60.
376 609 548 681 Ἥφαιστον
562 609 589 666 θ’
603 607 788 685 ἐκέλευσε-]
805 601 944 685 Sequitur
950 607 1012 682 jam
1031 609 1192 683 descriptio
1208 606 1396 670 formationis

271 690 421 748 Pandorae
437 693 550 763 primae
565 688 708 763 mulieris,
723 707 809 765 quam
824 686 865 744 clii
887 685 1031 762 deaeque,
1045 687 1154 745 collati
1167 691 1268 764 operi,
1282 691 1396 748 amani·

271 770 332 827 lem
346 768 466 825 tinxere.

309 852 357 904 65.
377 845 576 923 -νῑμφιχέυι1
599 846 680 904 ldem
694 847 770 922 quod
793 845 987 920 αμφιχεῦσοιι.
1008 843 1098 923 [Vide
1122 845 1187 904 Vol.
1210 847 1232 903 l.
1246 846 1283 903 acl
1297 865 1327 922 p.
1344 851 1394 906 54.

269 946 297 985 n.
313 925 354 1001 4.]
375 922 459 980 Cous.
475 925 507 983 ll.
521 947 550 998 y,
566 931 615 998 51,
629 944 690 1001 sqq.
709 924 803 984 -καὶ
818 925 908 984 πόθον
921 923 1079 999 οἰργαλέον,
1094 933 1119 982 ct
1137 923 1302 982 ιλικίἅιιίιιιπ
1315 927 1396 984 cclcc·

268 1000 353 1077 ιοιιιι,
365 1001 417 1060 καὶ
424 1001 586 1080 γνιοκόροος
597 1003 772 1076 μελεδώνας.
794 1009 814 1042 “
824 1005 929 1078 κυρεῖν,
940 1003 1033 1077 iuquit
1040 1002 1197 1078 Graevius,
1209 1009 1254 1061 est
1262 1009 1397 1080 κοσμεῖν,

269 1087 290 1120 “
300 1080 506 1154 καλλωπίζειν.
527 1082 658 1158 Hesych.
680 1087 787 1157 κοριῑν,
798 1083 927 1155 κοσμεῖν,
937 1078 1096 1158 καθαίρειν.
1117 1082 1191 1140 uude
1201 1088 1232 1140 et
1242 1083 1398 1161 νεωκόρος,

279 1160 345 1238 ‘qut'
352 1160 481 1238 ternplum
490 1172 571 1219 ornat
579 1172 603 1219 et
612 1169 708 1235 ιυισον,
717 1157 1045 1236 annau-Pnoups
1055 1162 1215 1232 μελεδῶνες
1226 1167 1291 1220 suut
1301 1183 1397 1235 ουν-αι,

269 1244 368 1317 *lonae
390 1249 461 1296 totae
484 1240 516 1296 iu
538 1240 662 1296 ornando
686 1258 799 1316 corpore
812 1253 873 1298 suut
895 1251 1050 1316 occupatae.
1091 1239 1233 1298 Mulieres
1248 1242 1322 1300 veni
1335 1260 1398 1318 quo

271 1319 396 1376 “studio
411 1322 503 1394 magis
517 1323 664 1392 tenentur,
675 1318 761 1393 quim
771 1319 906 1376 comeudi
917 1325 947 1373 et
957 1318 1111 1376 excolendi
1122 1323 1265 1393 eorporis,
1276 1321 1396 1396 quibus,

280 1402 331 1454 ‘ut
343 1397 459 1454 Plautus
470 1402 520 1470 nit,
532 1397 609 1454 uultu
617 1397 685 1453 cotis
693 1396 932 1454 emendicatictus
940 1406 977 1454 ιιι
985 1395 1021 1452 .⁹”
1044 1397 1127 1454 Hanc
1137 1403 1235 1455 tomen
1247 1402 1398 1475 interpre·
1413 1439 1426 1468 .

271 1480 411 1534 tationem
427 1480 541 1551 respuit
554 1479 602 1534 vir
615 1476 798 1534 doctissimus
812 1475 889 1534 Dav.
906 1471 1107 1550 Ruhnkeuius,
1131 1479 1181 1552 qui
1203 1494 1259 1552 pro
1280 1479 1397 1552 γιιοκσ
1419 1471 1430 1492 ’

270 1573 334 1634 ponc
349 1556 424 1629 legit
437 1551 609 1632 γυιοδόρονς·
630 1552 796 1626 μελεδώνας
811 1551 985 1630 mutuo,
1001 1572 1081 1612 curos
1095 1574 1162 1632 quoe
1183 1553 1307 1614 membro
1330 1577 1397 1614 con·

270 1645 399 1690 nonunt:
418 1640 449 1690 et
463 1633 539 1690 hanc
553 1633 711 1690 lectionem
725 1633 873 1707 exemplis
879 1629 1056 1690 confirmat:
1078 1651 1163 1709 quam
1179 1639 1211 1690 et
1225 1633 1348 1693 Procius
1365 1645 1398 1693 et

272 1714 406 1771 Tzetzes
429 1713 537 1770 vidisse
559 1712 706 1784 videntur,
726 1710 784 1769 hoc
802 1713 888 1769 modo
908 1714 1152 1784 interpretantes:
1173 1711 1336 1789 φροντίδας
1353 1717 1397 1772 ἰσ-

268 1790 385 1926 (ἔουσας
395 1790 441 1926 [poi
456 1789 541 1863 μέλη.
565 1788 762 1864 ”μελεὸο”ινοιι,
776 1789 904 1849 Bruuck.
925 1788 1003 1866 Lipt.
1018 1808 1046 1847 u.
1069 1789 1275 1868 μυιοκόροιτ,ιὶ
1299 1791 1397 1870 κείρω,

303 1873 373 1927 uiet.
420 1913 427 1925 .

312 1953 359 2007 ot.
380 1947 429 2006 Εν
443 1947 476 2008 δὲ
490 1947 585 2021 θέμεν
600 1947 705 2008 κύνεόν
719 1965 755 2006 τε
769 1948 851 2026 νόον]
868 1953 887 2008 1.
901 1967 929 2006 e.
944 1950 1072 2008 ἐνθεῖναι
1085 1947 1119 2008 δέ
1133 1967 1168 2006 τι
1192 1947 1299 2007 κύνεον
1315 1951 1395 2025 νόον,

271 2028 366 2085 tudere
388 2028 453 2085 vcro
474 2037 498 2085 et
517 2028 700 2106 impudentem
722 2045 849 2102 mentem,
875 2025 926 2086 κοιλ
949 2027 1110 2087 ἐπίκλοπον
1136 2021 1217 2100 ἦθος,
1232 2038 1257 2086 et
1272 2029 1397 2106 salliaco-r

273 2104 579 2185 οιοτιιε-ιλιιίκτορον
604 2107 826 2184 Αρμιιφόυτην,
847 2108 1052 2165 internuncium
1073 2105 1237 2188 ‚irgicidnm
1248 2130 1261 2177 ,·
1296 2115 1397 2166 uotum

273 2185 416 2244 Mercurii
432 2185 594 2260 epitheton.
636 2188 684 2244 Sic
698 2187 730 2244 ll.
746 2187 775 2260 ti,
792 2191 856 2246 103.
871 2205 904 2260 φ,
919 2191 988 2244 tsi.
1008 2189 1061 2244 tto.

313 2270 363 2336 70,
378 2269 424 2322 71.
445 2263 690 2340 -Αμφιγυήειτ]
711 2265 792 2325 Fut
812 2263 996 2343 α’μφοτέρουτ
1012 2264 1080 2328 cocle
1104 2263 1200 2328 πόδας
1225 2263 1318 2340 γυιός·
1338 2287 1397 2340 ιω-

275 2343 337 2414 ide,
351 2354 463 2419 utroque
477 2361 576 2400 crure.-
597 2351 628 2402 et
642 2350 687 2402 est
701 2346 856 2420 epitheton
869 2343 1005 2417 Vulcani,
1019 2363 1076 2402 non
1092 2347 1211 2421 ψεκτῶτ
1233 2362 1287 2405 seu
1309 2363 1396 2402 seusu

274 2424 500 2495 vituperatum,
521 2423 573 2479 sed
597 2425 875 2501 χαρακτηριστικὰ
902 2421 984 2480 κατιί
1005 2443 1076 2480 τινα
1097 2421 1250 2494 ἰδιότητα·
1272 2425 1340 2482 hinc
1364 2431 1395 2480 et

274 2500 341 2556 addi
364 2500 440 2556 solet
461 2501 583 2576 κλυτὰς,
604 2502 792 2578 περικλυτος,
815 2507 847 2559 ut
871 2509 996 2577 apparet
1023 2521 1079 2560 nou
1103 2505 1282 2577 ignominiae
1308 2521 1395 2560 cansa

275 2582 414 2652 positum,
440 2579 493 2636 sed
521 2581 558 2637 ob
586 2582 773 2654 personalem
795 2581 919 2639 Vulcani
944 2581 1158 2638 characterem.
1179 2580 1280 2638 Danau
1322 2581 1394 2638 Lex.

275 2657 362 2714 Hom.
385 2657 533 2733 Παρθένῳ
539 2657 637 2737 αἰδοίῃ
647 2655 994 2736 txeiov,-Suhintellige
1009 2657 1132 2732 ποίημα,
1140 2656 1275 2732 πλιίσμα·
1291 2659 1396 2720 ῖιιλόυ

275 2755 307 2793 τι
323 2732 455 2809 πλάσμα,
466 2739 611 2812 tutatus,
620 2738 752 2797 εἴδωλον.
773 2739 907 2796 Gmrros.
948 2737 1097 2816 Κρονιὶλεω
1107 2737 1158 2796 ocu
1170 2738 1285 2812 βουλαῖς,
1301 2739 1397 2796 Socor-

275 2815 308 2872 ui
314 2816 378 2893 filii
386 2815 516 2874 consiliis.
530 2819 601 2878 -δεω
615 2817 675 2890 διαὶ,
684 2816 825 2895 σοοιγλιιυ.
846 2816 891 2875 ef.
903 2816 935 2876 ll.
950 2837 980 2891 α,
994 2814 1018 2876 1.
1031 2823 1061 2876 et
1075 2816 1227 2876 Clarlrium
1241 2817 1278 2876 ad
1289 2818 1395 2875 locum.

316 2900 365 2952 79.
384 2894 472 2952 —Eu
486 2899 512 2953 δ’
527 2897 586 2974 ἄρα
600 2895 718 2972 φωνήν]
739 2896 828 2970 φαντὶ
853 2897 901 2956 hic
922 2901 966 2953 est
981 2897 1083 2970 ὄνομα,
1097 2901 1130 2954 ut
1143 2896 1220 2972 apud
1234 2896 1270 2954 ll.
1284 2917 1314 2970 y,
1331 2901 1396 2953 161.

276 2975 327 3031 ubi
341 2976 432 3052 φωνῇ
444 2993 606 3050 perperam
620 2976 780 3054 παρέλκειν
795 2977 912 3048 docent,
927 2981 959 3032 et
978 2980 1128 3051 exponunt
1145 2993 1218 3032 uoce.
1238 2975 1396 3032 Graevius.

276 3054 364 3124 posui
378 3057 403 3109 si
418 3052 495 3110 idem
510 3055 626 3114 valeret
640 3075 675 3114 ec
690 3055 792 3128 ὄνομα,
807 3051 963 3114 dicendum
977 3053 1080 3112 suisset
1092 3051 1226 3125 ἐπέθηκε·
1249 3071 1344 3129 neque
1366 3057 1396 3111 in

278 3131 344 3187 loco
360 3131 484 3190 Homeri
498 3137 589 3191 citato
604 3151 673 3193 eum
685 3151 802 3192 sensum
819 3134 932 3192 habere
948 3133 1082 3191 videtur:
1105 3133 1340 3210 distinguendum
1355 3133 1396 3189 le·

278 3213 342 3266 vius
357 3215 421 3284 post
435 3208 633 3287 βαρυκτύπου,
648 3214 764 3288 plenius
778 3219 844 3287 post
865 3211 963 3289 κῆρυξ.
985 3211 1023 3269 Τ.
1039 3211 1073 3269 Υ.

220 3295 266 3349 70.
318 3292 365 3344 82.
384 3290 501 3359 -πῆμ’
521 3291 664 3367 α’νδριίσιν
687 3291 909 3371 ἀλφηστῇσιν]
931 3290 1122 3348 detricuentum
1136 3289 1290 3348 homiuibm
1305 3287 1395 3346 iudus-

277 3365 349 3424 crite.
368 3365 554 3448 α’λφηστῇσι,
569 3369 628 3428 lon.
643 3390 698 3446 pro
710 3372 896 3444 α’λφησταῖς,
910 3371 946 3428 ab
960 3367 1070 3440 α’λφὲω,
1085 3369 1205 3426 invenio.

317 3448 444 3503 96-98.
464 3452 536 3507 -ἑν
558 3447 735 3526 ἀρρήκτοισι
756 3447 905 3526 δόμοισιν]
935 3449 968 3507 iu
986 3445 1148 3526 confracti
1157 3445 1394 3526 pyxide-Arium

278 3527 368 3596 euim,
383 3530 414 3581 ut
429 3532 543 3587 notavit
567 3530 723 3603 Graevius,
746 3529 868 3605 quodvis
889 3527 1122 3604 receptaculum,
1137 3532 1169 3583 et
1191 3545 1244 3584 vas
1266 3533 1396 3584 notat-

277 3601 403 3740 uppnoep
416 3606 475 3684 yoip
487 3606 634 3683 ἐπὲμόαλε
649 3611 739 3682 πῶμα
753 3605 857 3682 πίθοιο,
864 3606 946 3686 priuis
960 3606 1033 3664 cuitu
1046 3605 1141 3682 injecit
1155 3607 1311 3683 operatium
1325 3605 1398 3664 νιιιίι

277 3715 319 3730 --
343 3700 380 3739 an
400 3701 452 3744 ora
465 3687 528 3744 scil.

321 3765 386 3818 109.
407 3765 451 3836 ἐφ’
477 3765 625 3844 rhoffi]
653 3764 825 3842 Legendum
850 3770 953 3821 censet
974 3763 1121 3820 Graevius
1143 3760 1290 3840 ἐφήμερα.
1328 3763 1398 3820 llor.

281 3841 348 3899 Post
362 3839 456 3917 igneo
467 3845 590 3902 αιιλικίσ
604 3844 683 3902 donin
696 3843 872 3916 Subductum,
894 3842 1003 3900 Mucios
1016 3853 1040 3900 ct
1054 3859 1127 3898 uoco
1147 3839 1279 3898 Febr-imo
1303 3840 1400 3898 Turis

280 3918 405 3978 incubuit
420 3923 514 3980 cohors
522 3943 534 3992 ,·
553 3925 606 3981 hro.
622 3923 685 3980 Lib.
701 3926 720 3981 i.
735 3922 790 3978 Od.
806 3927 833 3982 3.
952 3961 956 3972 ·

322 4000 470 4069 106‚107.
490 4000 732 4078 -λκκορνφο1σω]
768 4002 798 4073 ἐξ
824 4002 926 4078 ἀρχῆς
956 3999 1037 4072 λέξω.
1059 3997 1147 4054 Schol.
1183 3997 1337 4058 ἐκτελέσω.
1363 4014 1398 4052 au

281 4072 435 4148 συντόμως
450 4079 512 4155 ἐρῶ,
527 4077 622 4150 λέξω,·
642 4079 777 4136 Gmmus.
798 4081 873 4138 -σιλ
898 4079 924 4136 δ’
948 4077 994 4136 ἔνι*
1017 4075 1100 4154 φρεσὶ
1123 4074 1232 4147 βοίλλεο
1254 4081 1352 4156 σῇσιν.
1370 4085 1400 4130 tu

282 4173 348 4294 ppo
362 4155 394 4211 iu
414 4157 585 4234 praecordiis
604 4158 660 4216 tuis
681 4150 773 4216 ιοοιλι.
811 4160 937 4222 Locutio
960 4175 1035 4234 quae
1057 4171 1147 4230 saepe
1170 4160 1301 4214 occurrit
1323 4151 1399 4232 apud

316 4250 456 4292 omerum.

231 4317 235 4322 “
326 4317 393 4374 108.
410 4313 519 4390 ’.Ωο-]
541 4316 611 4387 ἴσθι,
632 4311 693 4374 ὅτι
713 4313 892 4388 ὁμόθεν-ὲκ
916 4314 974 4374 τοῦ
995 4315 1092 4373 αὐτοῦ
1114 4313 1222 4391 μένους.
1242 4309 1399 4388 γεγάασι-

282 4391 425 4468 ἐγένοντο.
447 4394 536 4452 Schol.
558 4393 615 4452 Hic
630 4397 733 4470 incipit
747 4396 948 4455 celeberrima
971 4397 1121 4452 enarratio
1143 4393 1326 4452 diversorum
1349 4389 1399 4450 lto-

282 4475 393 4532 minum
407 4479 544 4532 aetatum.

326 4557 488 4611 111-116.
514 4553 551 4612 Oi
570 4550 626 4627 μὲν
649 4550 701 4613 ἐπὶ
720 4551 840 4633 Κρόνου
862 4546 965 4632 ἦσαν,]
987 4551 1014 4612 h·
1038 4551 1147 4632 ρυὶιλιιπ
1169 4550 1217 4630 qui
1238 4545 1399 4628 turpet-iim
