3034 5217
476 292 618 355 noran
640 266 685 355 οἰ
708 295 929 357 νιαοιοοπ.
1141 323 1148 336 ·
1195 305 1250 360 ιιι

120 411 366 494 “pamm''
398 413 537 474 Genium·
556 415 632 491 '‘itor
665 420 788 494 άχῶνος,
824 431 901 478 extro
934 428 1054 500 ιραιιανι
1088 419 1254 480 certaminis.
1266 425 1331 482 ²80.

24 505 28 508 ’
125 495 261 554 Boeckh.
281 491 394 572 ῥίψαις.
411 496 449 554 Η.
465 496 497 553 Β.
513 496 662 574 ἐκρίψαις.
677 500 713 555 0.
730 499 805 556 E.--
826 499 857 556 P.

169 579 219 647 87,
234 579 281 632 8⁸.
302 574 347 631 Εί
359 574 470 651 reip-J
496 572 610 633 Utinam
635 586 739 656 tempus
762 578 788 635 ei
811 575 971 657 semperita
994 577 1091 656 [sicuti
1116 594 1203 650 nunc,
1218 577 1255 634 ad

123 653 254 790 pieriam
275 662 309 710 et
329 653 482 730 victorius]
511 655 628 714 divitior
656 661 788 737 opemque
808 675 923 715 munero
945 654 1053 735 dirigat
1082 665 1107 713 et
1129 656 1253 714 deducat.

141 733 214 790 dom.
235 732 310 791 Vide
326 733 391 789 Vol.
408 734 428 790 1.
444 735 480 790 ad
495 751 522 808 p.
538 739 585 792 70.
601 755 628 792 u.
643 742 671 794 4.

170 815 217 870 89.
236 812 425 884 -ιιαμάτων
439 813 466 868 δ’
479 812 617 871 ἐπιλασιν
632 812 805 892 παράσχοι]
823 812 981 886 καμάτων,
997 809 1079 884 φησί,
1102 813 1166 870 τῶν
1188 819 1254 867 συν-

124 889 1107 1031 εοιιῑιλοι...μαινόλιν
1121 889 1180 1026 tt

122 989 257 1126 Ἰίροινίις
271 989 743 1126 άσελφῒόνῖσόέρῳῒόοσήματιετόν
758 991 1027 1122 effigiatum,
1039 989 1185 1106 ίίσῦίόίοσὲ
1198 989 1255 1106 ito
1275 1049 1277 1054 ’

123 1126 259 1264 &ortem
287 1130 319 1185 ἐν
344 1130 390 1208 τῇ
418 1131 481 1186 τῶν
504 1129 711 1208 Συροιιονσιοιν
731 1127 880 1202 πολιτείᾳ,
901 1126 1036 1208 σνσονρίη
1060 1128 1255 1201 δυστυχῆσαι.

186 1227 221 1263 ο,
1240 1227 1241 1232 ,

171 1288 307 1344 iti-eo:
321 1285 361 1342 H
373 1304 424 1343 κεν
437 1285 687 1364 opportuna-1
708 1286 795 1359 Quae
810 1293 971 1362 sequuntur
986 1301 1077 1361 usque
1093 1285 1129 1342 ed
1144 1301 1172 1342 v.
1191 1285 1255 1341 108.

127 1366 254 1446 suipnntu
267 1365 285 1422 ἐ
299 1369 512 1424 memoratione
527 1383 743 1436 aerumnarum,
760 1364 915 1438 καμάτων,
931 1369 960 1423 in
974 1363 1146 1440 parenthesi
1161 1365 1256 1438 posita

129 1454 214 1504 mint:
236 1445 314 1502 redit
328 1463 356 1502 v.
376 1447 438 1501 109.
454 1444 491 1501 ad
505 1445 613 1503 eadem
626 1451 706 1518 vota,
727 1447 757 1501 in
773 1445 877 1521 quibus
893 1462 919 1501 v.
936 1447 1053 1502 tii-90
1075 1442 1255 1500 substiterat.

131 1524 198 1582 Lux
214 1524 281 1582 hine
296 1528 351 1582 toti
366 1524 431 1580 loco
447 1522 612 1582 affunditur.
634 1523 744 1582 Herse
778 1523 816 1580 H
825 1543 876 1582 κεν
889 1522 1081 1596 άμμνάσειεν,
1095 1539 1152 1596 per
1175 1538 1255 1597 sync.

130 1619 189 1680 pro
201 1602 399 1676 α’νομνοίσειεν
415 1604 541 1681 [ἑαυτόν
555 1621 595 1661 sc.
612 1603 729 1680 Hiero]
755 1601 845 1660 Velim
853 1601 989 1681 profecti,
1002 1612 1032 1660 ut
1046 1601 1156 1680 [morbi
1177 1599 1258 1658 doio·

132 1683 214 1740 ribus
225 1682 287 1757 jam
303 1682 472 1758 oppressus]
489 1678 644 1741 recordetur
657 1681 840 1761 fortitudinis
855 1693 879 1739 et
894 1681 1073 1754 constantior,
1086 1697 1171 1755 quam
1183 1681 1258 1737 ‘oiim
1296 1737 1297 1742 ς

131 1761 166 1819 io
180 1762 249 1820 tuto
263 1764 424 1836 praestitit;
446 1761 609 1837 eademque
625 1765 714 1820 etiam
726 1780 803 1819 nunc
818 1762 913 1818 morbi
929 1765 1070 1836 impetum
1085 1759 1257 1816 debellabit

131 1838 300 1897 -Omnino
313 1847 411 1897 autem
436 1844 560 1915 respicit
581 1847 669 1917 poeta
691 1840 727 1897 ad
750 1857 863 1916 pugnas
885 1857 953 1897 mox
976 1837 1258 1910 commemorandas,

132 1926 236 1978 contm
251 1918 412 1976 Hetruscos
427 1927 459 1976 et
472 1926 575 1998 contra
595 1919 718 1978 Poenos.
737 1917 920 1992 -παλάμαι
943 1937 982 1976 ex
1006 1917 1127 1993 egregii
1148 1915 1259 1991 Heynii

133 1999 426 2071 emendatione-ut
446 2002 494 2072 sit,
515 1998 655 2073 παλάμαι
679 1996 838 2080 (Ἱέρωνος)
861 1995 1029 2076 εὑρίσκοντο
1048 1997 1129 2053 θεῶν
1152 1993 1258 2068 τιμάν.

134 2079 191 2157 [Ut
206 2076 228 2134 P
249 2078 290 2134 th.
302 2081 341 2137 iv.
356 2077 419 2154 91]
460 2075 557 2156 Vulgi)
572 2096 672 2136 omnes
687 2077 855 2151 παλάμαις,
867 2083 898 2134 et
911 2075 1085 2134 subaudiunt
1099 2079 1150 2130 aut
1170 2073 1259 2130 Hiero

134 2176 197 2215 cum
233 2159 364 2229 motos,
384 2164 444 2233 eut,
464 2164 496 2214 ut
519 2157 625 2234 Heyne
649 2161 680 2217 in
701 2158 771 2215 edit.
795 2156 885 2213 Sicuti
907 2159 936 2214 in
960 2170 1081 2231 genere.
1122 2151 1260 2212 ethaeo
1312 2146 1316 2156 “

134 2238 291 2300 admodum
306 2238 389 2310 dura,
405 2244 445 2310 et,
460 2255 548 2312 quum
564 2239 600 2295 de
616 2237 753 2295 Hieronis
767 2235 857 2294 soiius
872 2235 959 2292 rebus
974 2236 1065 2309 gestis
1088 2249 1186 2289 sermo
1211 2233 1259 2306 sit,

135 2317 174 2375 ad
201 2333 318 2374 sensum
345 2319 495 2374 nonsatis
523 2316 675 2376 commoda
699 2322 773 2373 sunt.
807 2312 937 2372 πλοότου
962 2311 1154 2385 στεφάνωμα,
1184 2312 1202 2367 i.
1231 2327 1259 2368 e.

136 2395 277 2454 Hieronis
297 2397 394 2472 gloria
409 2397 518 2467 bellice
532 2398 639 2454 divitiis
655 2395 719 2472 ejus
733 2411 871 2451 coronam
888 2395 969 2468 quasi
985 2393 1116 2467 imponit,
1138 2389 1259 2447 nobilio-

136 2490 257 2550 remque
274 2476 333 2533 iliis
356 2476 543 2551 spiendorem
569 2476 716 2533 conciliat.
737 2473 858 2530 Germe.
878 2469 893 2490 ’‘
907 2473 986 2529 Θεῶν
1009 2467 1175 2542 παλάμαις,
1194 2466 1261 2526 Diis

128 2554 303 2633 jmootibm,
327 2554 445 2630 Koppe,
469 2555 516 2612 ed.
541 2555 636 2631 Heyn.
660 2555 783 2610 Deorum
803 2550 919 2623 auritio,
934 2549 1066 2606 Boeckh.
1082 2552 1133 2624 qui
1146 2549 1262 2624 scripsit

135 2629 306 2713 είριλιιιατο.
346 2635 428 2693 Θεῶν
443 2632 594 2707 παλάμαι,
610 2635 706 2708 Heyn.
723 2635 781 2688 not.
804 2631 835 2688 Ρ.

176 2719 226 2788 96,
241 2719 289 2771 97.
310 2715 383 2771 Νῦν
407 2713 576 2789 reparo-1
598 2711 648 2771 ἐπὶ
674 2710 707 2770 δὲ
733 2712 789 2769 τοῦ
814 2707 973 2787 παρόντος,
995 2703 1263 2777 civitatensium
1303 2758 1304 2764 ,

137 2795 249 2873 τρόπον
263 2793 392 2873 ὁἽέροιν
406 2791 633 2868 μετερχόμενος,
658 2791 840 2868 ἐστρατεύθη
864 2786 915 2846 καί
940 2787 1003 2861 τήν
1017 2783 1120 2860 μάχην
1136 2783 1262 2856 ἐνίκησε.

135 2875 241 2954 φορείῳ
253 2873 287 2932 δὲ
300 2871 458 2952 φερόμενος
474 2871 602 2948 ὁἹίρων
616 2871 669 2928 δια
692 2872 751 2940 τὴν
777 2865 925 2944 λιθονρίαν
948 2861 1169 2940 ιατηχοινίζετο
1193 2863 1262 2925 τούς

136 2954 299 3018 ἐναντίους.
320 2949 568 3032 παρασάλλοονσὲ
589 2950 687 3008 αὐτόν
708 2951 753 3020 τῷ
777 2945 928 3020 Ποίαντος
959 2940 1141 3014 Φιλοιτήτη
1164 2939 1264 3018 παρεί·

138 3044 218 3092 κασε.
240 3033 329 3091 scoot.
351 3033 457 3090 Morbo
472 3031 652 3088 laborantem
668 3028 831 3086 Hieronem
846 3025 989 3083 effinxere
1004 3022 1088 3080 nobis
1140 3037 1263 3078 ramma·

137 3117 191 3171 tici
205 3132 244 3171 ex
261 3113 433 3170 Philoctetis
448 3111 669 3170 memoratione.
710 3107 810 3164 Verba
823 3103 1013 3181 suppeditant
1035 3097 1144 3158 tantum
1167 3098 1261 3156 haee:

137 3191 290 3251 Hieronem
304 3193 339 3250 ab
353 3191 399 3264 ito,
416 3193 462 3269 qui
476 3187 699 3266 oiieuissuerant
714 3185 827 3260 animis,
837 3197 866 3243 ιιι
875 3185 913 3242 its
923 3181 1058 3242 auritium
1064 3179 1166 3258 ferret,
1175 3197 1263 3236 oram·

137 3272 221 3331 εἰιιιιο
235 3292 297 3330 erse.
337 3271 382 3327 oid
396 3269 556 3328 Philoctetes
570 3267 617 3324 itte
631 3265 782 3345 cenapium
795 3283 875 3322 ανονο
889 3261 983 3320 muts&
991 3285 1003 3330 ;
1025 3279 1102 3338 quem
1123 3255 1262 3328 inimicam,

140 3350 301 3488 §Ulyssem
323 3350 481 3408 amaritate
501 3357 624 3426 urgente,
644 3345 755 3426 areperti
778 3343 902 3422 alioquin
927 3340 1028 3412 unioni,
1051 3336 1159 3414 όλοοάίι
1172 3335 1263 3394 vertis

160 3431 274 3488 emotsit
315 3428 445 3486 Narrant
458 3428 573 3500 sciticet,
588 3430 640 3484 irc.
662 3427 778 3501 Νσνχι·
801 3441 873 3499 ergo
889 3422 946 3479 hoc
969 3422 1116 3477 diversum
1137 3416 1154 3473 oi
1177 3432 1264 3490 supe·
1296 3452 1299 3458 ·

141 3511 266 3567 rioribus
279 3509 375 3566 bellis.
418 3509 532 3584 Sequor
547 3511 578 3564 in
594 3506 650 3563 bae
666 3505 908 3579 interpretatione
923 3515 1036 3556 rnorem
1056 3502 1161 3572 poetae
1177 3498 1206 3551 in
1222 3493 1264 3550 di-

139 3592 292 3666 gressione
307 3605 365 3664 per
377 3586 490 3644 fabulas
500 3588 538 3644 ad
552 3585 803 3660 comparationem
815 3586 998 3638 memoratas.
1021 3575 1131 3633 Herum
1146 3571 1264 3651 ¹'[Tan·

141 3685 230 3745 quam
240 3669 316 3726 alter
332 3667 523 3736 Philoctetes,
532 3669 592 3740 qui,
607 3665 644 3722 ab
658 3665 703 3735 iis,
714 3680 732 3718 a
745 3660 850 3736 quibus
861 3662 890 3716 in
905 3657 1016 3716 Lemno
1026 3656 1145 3711 relictus
1155 3651 1263 3726 fuerat,

141 3765 219 3804 nune
241 3763 299 3822 ope
325 3746 388 3823 ejus
404 3745 569 3821 implorata,
584 3740 709 3817 Trojam
724 3741 806 3812 adiit,
821 3739 858 3795 ab
874 3741 919 3809 iis,
933 3739 982 3812 qui
999 3751 1066 3792 eum
1089 3742 1175 3790 antea
1195 3747 1265 3788 oon·

143 3833 314 3897 temsersnt,
329 3824 362 3903 (a
376 3821 546 3900 Therone,)
556 3822 696 3897 precibus
707 3821 854 3894 expetitus
865 3816 1018 3873 militatum
1033 3813 1095 3871 ivit.
1121 3809 1168 3868 Εο
1183 3810 1264 3867 Sote-

123 3977 126 3980 ‚
142 3904 209 3981 dia]
231 3905 322 3977 idem,
337 3903 383 3961 ed.
398 3903 454 3960 iii.'‘
491 3900 570 3972 Δίκη
585 3905 660 3974 inpr.
675 3899 753 3974 opud
769 3897 932 3954 Homerum
946 3893 1033 3969 saepe
1049 3899 1094 3949 est
1104 3910 1171 3964 mos,
1185 3889 1264 3947 οιίιιι.

142 3983 182 4042 Et
195 3990 294 4042 noster
309 3983 394 4060 Pytis.
415 3984 444 4039 ii.
472 3986 536 4039 155.
559 3978 658 4038 λίνοιο
680 3975 782 4048 δίκαν,
806 3975 960 4054 iopimore.
1008 3971 1087 4046 Ergo
1101 3970 1130 4028 h.
1146 3968 1165 4026 l.
1195 3966 1266 4026 Pot-

143 4062 256 4122 tootetue
276 4083 381 4120 morem
400 4070 514 4134 ιιοοιαι,
533 4062 551 4116 i.
577 4078 604 4117 e.
638 4058 714 4115 Phil.
735 4055 848 4114 similis.
870 4054 991 4115 (ἔροιτο.
1012 4050 1085 4107 Vide
1111 4047 1176 4106 Vol.
1197 4047 1220 4104 1.
1234 4063 1264 4124 p.
1382 4069 1385 4074 ·

182 4225 331 4280 98-100.
361 4219 432 4280 Σσν
454 4220 481 4277 δ’
499 4215 634 4294 άνάχκρ]
655 4215 766 4274 Mirum
793 4213 905 4272 nullum
927 4213 1123 4285 interpretum
1146 4207 1266 4284 vidisse,

143 4319 202 4359 non
218 4301 254 4358 ad
269 4299 445 4373 Hieronem,
453 4299 504 4356 sed
520 4297 555 4355 ad
572 4297 769 4354 Philoctetem
783 4291 859 4351 hoec
870 4297 1022 4367 spectare,
1038 4283 1173 4364 quorsum
1187 4289 1268 4348 enim

145 4381 217 4439 aiios
231 4377 327 4452 φαντί
341 4378 386 4453 σὲ,
401 4379 431 4436 h.
445 4397 473 4436 e.
487 4375 560 4452 φασὶ
573 4373 640 4452 γάρ.
663 4373 775 4431 Herse.
805 4371 823 4392 ''
833 4372 954 4430 Haereo
970 4372 1000 4426 in
1014 4367 1082 4440 hoc,
1097 4369 1267 4442 praestetue

143 4459 199 4518 σίν
212 4460 240 4517 δ’
255 4456 379 4533 ἀνάγκᾳ
392 4477 446 4532 μιν
460 4455 625 4531 ocior-ad
640 4453 806 4512 Hieronem
819 4449 947 4525 referre,
958 4465 995 4506 sn
1009 4447 1046 4506 ed
1061 4445 1268 4516 Philoctetem,

146 4539 297 4614 siquem
319 4541 421 4613 utique
443 4541 580 4614 spectant
602 4551 681 4610 seqq.
704 4527 802 4609 φαντί
823 4530 856 4591 δὲ
880 4548 936 4609 pro
959 4526 1027 4605 ya'p.
1062 4525 1152 4601 idem,
1167 4523 1212 4588 ed.
1237 4524 1267 4580 ii.

187 4617 257 4677 Vos.
280 4615 314 4674 11.
515 4619 549 4672 31
