3034 5217
345 359 403 441 pra
641 351 785 412 uorsa
810 350 854 411 ru
874 347 1171 412 csnnruscuuu.

267 476 334 535 298.
387 477 432 532 19.
449 473 522 533 ‘stne
547 471 771 550 represso-1
807 472 891 548 Angl.
923 469 981 528 For
1001 472 1065 530 thou
1091 471 1152 528 hort
1171 489 1203 528 ro
1224 471 1353 528 meast
1372 493 1427 556 aa,

344 552 425 631 thing
435 552 511 631 good
524 552 582 609 ond
596 553 651 619 evil
664 552 724 609 into
738 571 788 608 one
803 550 932 629 conplete
943 561 1050 642 system,
1066 551 1124 608 thot
1145 569 1197 607 nne
1221 550 1319 607 camut
1339 571 1428 612 cerm

339 627 1273 790 amaritatetegeticulatsaul
1284 628 1429 768 aaa

345 807 415 846 -v.
431 793 478 845 25.
492 782 566 848 αὖθ’
583 807 638 866 pro
651 782 703 861 αὖ,
719 789 850 846 lleeren.
866 807 905 846 ex
920 788 1011 848 Cndd.
1034 787 1066 846 Ρ.
1451 783 1452 836 l

386 871 434 924 28.
454 868 627 941 -σώματος
646 867 719 941 ἡδέα
742 867 838 946 {pyra}
860 869 944 944 Angl.
972 867 1083 925 seruent
1101 866 1253 946 phamas.
1293 865 1363 924 luter
1378 867 1430 926 horr

347 952 379 1007 et
393 963 511 1004 versum
526 957 699 1024 sequentem
710 950 883 1022 interposita
899 948 1017 1006 invenio
1033 949 1062 1004 in
1077 946 1175 1004 Fulvii
1199 945 1296 1004 Ursini
1310 947 1368 1002 edit
1381 949 1430 1004 haer

277 1085 282 1095 ,
348 1026 542 1085 verba—dri
554 1027 665 1084 ἄλλοτε
679 1026 801 1084 δ’ἄλλα
823 1026 1012 1104 φέροντες,-
1027 1025 1199 1084 Dolendum
1223 1033 1268 1082 est
1288 1041 1385 1082 sensum
1400 1027 1431 1084 iic

348 1123 464 1182 qnoque
481 1106 614 1163 mutilum
629 1105 736 1164 videri.
777 1109 795 1140 ¹‘
808 1105 903 1164 Locus
918 1113 963 1163 est
977 1106 1095 1162 mutilus
1109 1106 1173 1163 sine
1193 1104 1299 1176 duhio;
1318 1110 1344 1160 at
1362 1123 1429 1162 muse

347 1184 432 1244 reddi
447 1201 531 1261 posse
547 1184 666 1242 videtur
679 1183 744 1241 fere
758 1185 795 1241 ad
817 1185 951 1256 verbum,
974 1191 1005 1242 et
1029 1187 1099 1241 satis
1124 1183 1295 1240 commodus
1316 1189 1344 1240 et
1362 1183 1429 1256 honor

348 1265 405 1324 etsi
420 1281 476 1320 uon
490 1268 529 1321 sit
543 1265 660 1340 integer
674 1270 706 1320 et
724 1267 869 1338 genuinus
888 1264 1056 1338 Scriptnris.
1095 1259 1429 1324 annorvm—Fuso.

348 1351 387 1402 nr
397 1342 522 1415 moltam,
536 1352 566 1400 ut
574 1342 687 1422 penitis
701 1343 844 1402 contrario
857 1343 900 1400 hia
913 1344 1042 1400 mansur
1055 1344 1105 1399 vel
1125 1341 1325 1420 producuntur.
1360 1339 1430 1398 Petunt

348 1421 425 1480 haec
440 1429 472 1478 ut
487 1422 571 1491 bona,
586 1427 615 1478 at
629 1429 730 1478 errant
744 1440 762 1478 a
777 1423 856 1498 lege,
871 1429 902 1479 et
916 1423 993 1479 mala
1009 1423 1170 1480 inveniunt.
1195 1419 1228 1478 P.

388 1505 436 1558 30.
458 1501 548 1558 Attal
559 1500 623 1559 Ζεῦ
637 1498 841 1578 ndvdtope,—-]
864 1500 919 1558 But
934 1499 1094 1578 OJupiter,
1109 1501 1255 1580 dispcmer
1269 1496 1304 1576 os
1313 1517 1379 1576 eocrp
1387 1499 1428 1576 gift

347 1581 402 1638 ec.
437 1579 524 1652 Quae
546 1586 707 1656 sequuntur
734 1579 851 1637 omnino
876 1585 942 1637 sunt
965 1579 1144 1654 admiranda.
1164 1577 1371 1650 ''nehct'ress,
1388 1580 1429 1633 uri

349 1657 465 1716 aubibus
479 1658 671 1716 circumdatur.
713 1659 789 1716 Vide
805 1658 911 1718 Psalm.
926 1663 1009 1716 xviii.
1028 1663 1073 1717 ll.
1089 1661 1180 1716 xcvii.
1197 1657 1302 1716 2.--V.
1316 1661 1355 1713 29.
1375 1676 1429 1728 app

347 1735 521 1801 Otaces-ot
547 1737 624 1794 nocti
646 1738 747 1795 honore
772 1739 997 1814 intelligentiae,
1016 1741 1194 1814 sapientiae,
1209 1738 1332 1810 virtutis,
1343 1738 1428 1792 ierom

349 1816 402 1874 tihi
416 1816 561 1874 reddamur
575 1814 612 1873 ed
622 1819 778 1892 justiorem
793 1835 828 1874 ac
842 1817 1016 1893 digniorem.
1039 1815 1070 1872 P.

389 1900 436 1954 37.
457 1894 521 1968 -ἣ
538 1895 689 1974 amodo-J
710 1898 795 1973 hogl.
825 1896 891 1954 than
909 1897 1044 1976 properly
1068 1911 1095 1956 to
1116 1895 1254 1955 celebrate
1275 1893 1316 1952 the
1335 1895 1428 1952 mucul

351 1969 484 2054 ansor
498 1996 569 2033 coer.

390 2187 781 2265 *ΚΑΑΛΙΜΑΧΟΗ
805 2188 975 2248 Callimachi
1005 2189 1142 2267 Cyrenaei
1167 2190 1296 2270 Hymnus
1316 2211 1342 2250 ur
1360 2187 1427 2251 Jord.

350 2267 561 2340 Callimachus,
575 2268 791 2326 Grammaticus
806 2275 837 2326 et
863 2267 953 2326 Poeta
967 2271 1117 2345 egregius,
1133 2267 1190 2328 suit
1204 2290 1246 2330 ex
1269 2273 1336 2330 urbe
1356 2273 1425 2348 Libye

350 2349 498 2405 notissimi
520 2347 649 2422 Cyrene.
697 2347 847 2406 Battiades
874 2347 1019 2405 interdum
1041 2349 1216 2424 vocabatur,
1241 2369 1296 2409 non
1318 2352 1332 2410 i
1352 2355 1426 2408 nonin

350 2430 452 2501 patris,
467 2435 500 2484 ut
513 2426 629 2502 quidam
645 2432 756 2501 putant,
772 2426 824 2484 sed
839 2427 855 2484 ai
869 2424 955 2484 Batto
969 2425 1104 2503 Cyrenes
1128 2429 1180 2487 vel
1204 2427 1371 2506 Cyrenarum
1387 2449 1425 2487 no

352 2505 454 2562 ditore.
495 2505 610 2563 Claruit
623 2508 745 2563 circiter
768 2507 886 2582 Olymp.
901 2523 1020 2564 cxxxru.
1043 2512 1112 2566 ante
1136 2508 1210 2566 Chr.
1228 2509 1268 2575 N.
1293 2515 1350 2568 247.
1380 2509 1425 2566 Her·

351 2586 488 2641 mocratis
502 2588 687 2659 grammatici
703 2585 719 2640 J
724 2589 778 2644 asii
794 2585 954 2660 discipulus
969 2581 1041 2654 fuit3
1063 2593 1095 2663 et
1110 2587 1214 2645 literas
1238 2589 1346 2664 publice
1365 2589 1423 2646 docui

352 2664 380 2719 in
395 2662 534 2722 Eleusine
546 2664 743 2722 Alexandriae
758 2668 836 2724 vico.
872 2664 978 2722 Postea
986 2669 1096 2722 accitus
1112 2669 1197 2724 estin
1209 2668 1337 2727 hluseum
1346 2669 1424 2726 Mun

351 2819 403 2879 diu
413 2823 489 2879 vixit
504 2821 674 2879 Ptolemaeo
689 2822 885 2898 Philadelpho
894 2821 1015 2900 ejusque
1026 2829 1190 2883 successori
1206 2825 1422 2904 Euergetaecans

352 2900 435 2959 lnter
447 2898 606 2976 discipulos
619 2919 687 2959 suos
702 2901 803 2960 habuit
818 2903 1006 2978 Apollonium
1021 2903 1178 2979 Rhodium,
1194 2905 1246 2984 [de
1262 2923 1315 2982 qiro
1334 2899 1423 2980 su'ptisl

351 2997 381 3056 p.
397 2979 460 3055 BL]
475 2979 491 3037 e*
507 2979 651 3058 discipulo
665 2982 783 3038 tandem
800 2985 949 3041 inimicum
965 2980 1085 3055 lactum,
1111 3001 1259 3060 quemque
1282 2982 1373 3042 famose
1388 3001 1423 3039 ar·

351 3061 440 3131 mine,
464 3061 511 3116 cui
539 3060 639 3119 titulus
664 3059 730 3132 lhis,
755 3061 827 3118 dlris
849 3061 979 3120 devovit.
1021 3061 1113 3118 Multa
1138 3067 1256 3138 scripsit
1280 3062 1421 3121 Callinsclu

350 3153 487 3195 sermone
503 3145 563 3196 turn
578 3139 674 3196 soluto
688 3147 750 3196 tum
765 3143 901 3198 astricto:
923 3141 974 3198 sed
990 3141 1132 3217 pleraque
1157 3142 1296 3200 breviora
1317 3141 1421 3218 opuscola:

351 3219 421 3290 qula
435 3216 536 3274 dicere
551 3219 675 3289 solebat,
691 3220 738 3297 [ut
752 3227 853 3276 narrat
868 3221 1047 3292 Athenaeus,
1058 3223 1119 3278 inlt.
1132 3219 1183 3280 lib.
1197 3222 1255 3299 iit]
1275 3219 1341 3297 μέγα
1354 3219 1421 3290 ddlin

352 3299 415 3351 tono
428 3289 506 3354 εἶναι
522 3296 699 3371 apparatio
714 3299 810 3370 κακῷ.
851 3299 894 3356 Ad
909 3317 960 3356 nos
975 3297 1085 3356 tantum
1099 3305 1327 3375 pervenerunth
1348 3297 1422 3374 lipsi

353 3377 391 3430 72
407 3374 635 3450 Epigrammata,
651 3382 682 3432 et
697 3379 789 3434 multa
804 3377 990 3454 Fragmenta.
1031 3378 1119 3449 Quod
1135 3381 1171 3437 de
1188 3398 1226 3438 eo
1246 3380 1368 3458 judicium
1384 3379 1420 3434 tulit

352 3452 478 3610 {lpipips}
490 3454 507 3512 a
521 3455 693 3531 quibusdam
708 3454 835 3514 habetur
849 3461 935 3515 nimis
948 3475 1107 3516 severum:
1129 3459 1243 3539 [Amor.
1258 3461 1317 3518 Lib.
1329 3463 1345 3517 i
1365 3463 1395 3514 15.
1406 3471 1419 3508 t·

392 3574 402 3607 ,
456 3575 463 3589 .

550 3691 694 3750 Battiades
707 3712 814 3770 semper
828 3703 883 3752 toto
897 3694 1054 3754 contahitur
1068 3694 1154 3768 orhe,·

552 3770 689 3844 Quamvis
701 3772 815 3850 ingenio
830 3793 885 3830 non
902 3773 985 3848 ualet,
1000 3788 1060 3832 orte
1073 3775 1156 3834 volet.

240 3972 251 3985 .
351 3929 431 3989 Nam
446 3933 477 3986 et
503 3928 632 3987 fautores
660 3948 727 3987 suos
751 3929 842 3988 habet
866 3931 1081 4004 Callimachus;
1103 3951 1175 4010 quos
1200 3937 1275 3992 inter
1295 3927 1417 3992 nonensis

351 4015 397 4066 est
411 4008 577 4066 doctissima
593 4007 700 4066 semina
721 4009 881 4084 Dacieria,
900 4011 1021 4088 ejusque
1044 4018 1131 4088 pater
1156 4011 1417 4094 Tanaquilluslaherz

352 4087 440 4163 rique
455 4089 608 4146 methodus
623 4091 714 4162 ipsius
728 4089 876 4148 scribendi
891 4095 990 4150 suavis
1006 4097 1036 4150 et
1056 4092 1150 4168 polita
1169 4092 1317 4168 judicatur,
1335 4089 1417 4161 saepto

352 4185 409 4243 que
425 4165 543 4224 Catullo
557 4173 588 4223 et
604 4165 760 4242 Propertio
775 4168 954 4232 adumbrata.
996 4169 1179 4246 Hymuorum
1199 4171 1351 4230 Callimachi
1366 4171 1415 4222 erut

352 4263 468 4322 qunque
484 4243 653 4304 felicissima
668 4249 802 4319 imitatio,
818 4251 948 4307 numeris
963 4251 1094 4325 Anglicis
1104 4253 1278 4308 suavissimis
1291 4239 1415 4326 erprwhl

351 4327 439 4402 poeti
455 4325 630 4395 doctissimo,
646 4332 734 4400 atque
749 4325 948 4386 enthusiasmo
963 4329 1034 4387 vere
1049 4328 1231 4388 Graecanico
1252 4327 1339 4388 afflato.
1369 4319 1412 4408 lidi

352 4401 513 4461 dionides
528 4403 623 4480 Hyan
637 4416 664 4462 to
686 4405 730 4463 tlte
751 4404 873 4464 Neieds.
917 4407 1006 4469 Plura
1027 4408 1064 4465 de
1090 4409 1268 4468 Callimacho
1289 4405 1412 4466 amoeno

353 4483 493 4618 padicpbit
508 4482 575 4542 Fab.
591 4482 656 4542 Bib.
671 4484 723 4543 Gr.
739 4481 815 4544 Edit.
829 4484 961 4548 Harlesii
976 4485 1042 4547 Vol.
1053 4490 1095 4550 iil.
1110 4507 1140 4568 p.
1155 4491 1223 4566 81⁴,
1242 4505 1295 4572 sqq.
1313 4487 1338 4546 l.
1355 4481 1410 4541 ilc

372 4565 398 4622 7.
414 4579 431 4618 o
445 4564 483 4620 im
502 4565 546 4620 19.
730 4573 737 4586 ·

322 2803 333 2825 ἱ
352 2741 480 2814 drinum,
494 2743 544 2801 uhi
560 2743 661 2819 plures
669 2744 777 2802 eruditi
790 2743 923 2801 homines
935 2747 1025 2821 regiis
1038 2745 1181 2804 sumtibus
1193 2747 1355 2816 alebantur;
1366 2748 1423 2820 ihipe
