3034 5217
395 307 536 370 noras
560 310 605 370 uu
633 310 879 370 sornoensn.
955 263 960 272 ’
1140 315 1194 368 ns
1235 289 1241 302 '

82 453 140 512 ceps
164 431 221 490 ruit
243 437 277 488 in
300 432 413 489 adirem
436 431 607 504 imitabile,
632 434 694 512 [ubi
722 434 787 490 utili
808 433 876 510 pede
901 453 955 488 non
974 431 1070 502 utilia,
1104 435 1122 488 i.
1153 430 1194 506 e.]

81 513 147 568 uadi
154 509 269 588 fnestrei
279 521 392 568 coeatur
405 511 545 590 aufugere.
586 512 746 568 Triclinius
757 512 832 568 haec
845 511 923 568 recte
936 515 1049 584 cepisse
1062 510 1196 568 videtur:

82 589 216 668 δσρισταδ
232 587 283 647 καὶ
296 590 411 662 οἷνομοι,
427 589 512 648 ὁποία
529 589 708 664 siloniten,
721 588 898 661 αὐξηθέντες
913 590 954 652 εἰς
968 591 1069 666 ἄκρον,
1092 590 1198 646 ἔπειτα

81 671 119 732 εἰς
135 668 197 741 τὴν
212 666 355 740 τοιαύτην
368 667 508 743 ανάγκην
522 667 698 740 πίπτουσιν,
719 672 755 732 ὡς
778 669 931 742 δυστυχῶς
955 665 1006 724 καὶ
1029 666 1120 730 abtas
1143 668 1198 724 τδν

81 751 174 808 αἰῶνα
187 745 411 822 διάγειν-81111
424 748 500 804 baec
515 751 612 804 omnia
627 748 734 805 eruditi
756 749 959 822 praeceptoris
977 747 1082 822 judicii
1104 752 1196 803 sunto.

81 827 95 846 '‘
109 819 171 885 oie
185 827 304 904 οᾏουσεν
321 845 374 900 pro
387 825 508 902 ὥρουσὲν
522 845 582 897 νιν,
596 844 664 882 cum
678 827 783 884 Bothe.
804 823 835 883 P.

120 911 187 964 879.
207 905 415 980 -ποίλαισμα]
432 905 521 977 ἤγαιν
535 904 595 978 τήν
611 903 736 976 ζήτησιν
747 907 801 961 τοῦ
814 903 906 975 φόνου
920 906 975 961 τοῦ
989 903 1092 962 Λαΐου.
1107 905 1147 978 gl.
1162 903 1198 960 ab

82 986 145 1042 Aut.
163 986 304 1041 Francino
323 982 448 1040 Scholiis
463 985 568 1041 addita.
609 982 625 1038 J
631 991 743 1040 usserat
765 983 882 1056 Apollo,
897 989 929 1040 ut
951 982 1014 1041 Laii
1030 986 1145 1040 occisor
1159 985 1199 1038 in-

81 1068 287 1139 vestigaretur.
325 1061 373 1119 Ex
390 1062 526 1119 locastae
539 1062 638 1120 verbis
653 1065 759 1120 timere
776 1068 892 1136 poterat
906 1060 1032 1132 Chorus,
1044 1079 1080 1118 ne
1093 1061 1129 1116 ab
1145 1060 1199 1117 hic

83 1144 308 1218 investigatione
319 1158 375 1197 rex
385 1140 551 1213 desisteret,
562 1142 638 1217 quod
654 1160 689 1197 ne
702 1140 768 1198 fieri
780 1143 854 1195 sinat
866 1139 964 1196 Deum
976 1146 1123 1214 precatur.
1146 1139 1198 1196 Ba.

121 1224 188 1277 888.
208 1218 416 1296 -δπὲρριιτα]
430 1221 469 1296 gl.
483 1223 758 1296 καταφρονητικῶς.
782 1218 929 1275 Neutrum
945 1219 1060 1293 plurale
1076 1221 1142 1276 rice
1152 1219 1200 1276 ad·
1214 1221 1273 1276 141.

82 1300 187 1358 rerbii.
209 1299 292 1355 ldem.

121 1381 287 1434 888-895.
316 1374 497 1449 Δυσπότμοο
525 1375 613 1453 χάριν
641 1375 818 1452 finirier]
855 1375 1041 1433 Constructio
1071 1384 1131 1433 est:
1162 1378 1200 1449 εἰ,

80 1455 171 1533 χάριν
185 1453 354 1528 δυσπότμου
367 1457 488 1528 χλιδαῖς,
502 1457 547 1528 μή
564 1456 704 1531 κερδανεῖ
715 1457 751 1512 ad
770 1453 868 1531 κέρδος
887 1453 1022 1526 δικαίως,
1036 1455 1072 1527 si,
1086 1471 1201 1534 propter

80 1535 220 1610 infamius
233 1534 359 1606 delicias,
367 1535 451 1608 jeetis
465 1557 520 1591 non
532 1534 647 1593 studebit
663 1534 756 1605 lucris,
773 1531 823 1590 καί
838 1535 897 1589 τῶν
906 1533 1050 1590 ἀ’σέπτων
1087 1535 1201 1607 ’ξεται,

80 1633 130 1667 nee
155 1613 175 1670 δ
198 1613 274 1671 rebus
295 1611 392 1690 impiis
416 1613 571 1685 abstinebit,
594 1611 614 1682 ii
642 1612 696 1691 [eil
720 1610 866 1684 ματοίζων
887 1611 988 1685 ἕξεται
1029 1613 1111 1691 περι]
1137 1617 1200 1670 τῶν

79 1689 229 1764 α’θίκτων,
246 1703 293 1749 out
316 1692 342 1747 si
363 1690 470 1748 derasas
491 1691 611 1750 haerebit
634 1711 689 1748 non
713 1691 868 1768 tangendis.
894 1691 921 1748 T
920 1689 946 1752 is
964 1693 1055 1768 drap,
1068 1691 1151 1770 adv]
1167 1695 1200 1748 ἐν

80 1771 184 1843 τοῖσδ’,
199 1772 244 1828 ἔτι
269 1768 342 1827 ποτὲ
363 1767 421 1843 ἕξει
445 1773 478 1848 [1.
503 1791 530 1829 e.
555 1770 726 1842 δονήσεται,
749 1771 800 1827 rel
824 1769 882 1842 ἕξει
906 1770 968 1840 τήν
990 1768 1127 1842 δύναμιν.
1170 1771 1201 1828 ln

81 1850 209 1924 vulgatis
223 1851 360 1906 scribitur
374 1851 501 1926 ἔρξεται,
516 1869 602 1906 error
616 1847 769 1906 manifesti)
784 1857 863 1905 ortus
886 1867 924 1906 ex
949 1853 1054 1906 vicinis
1070 1850 1200 1922 vocibus,

80 1925 296 2003 refragantibus
310 1931 454 1985 senteutii
470 1948 503 1984 ac
519 1935 622 1986 metro.
663 1928 828 1984 Brtrnckius
843 1929 923 1984 dedit
941 1929 1013 2002 ἴρξιι
1038 1946 1077 1985 ex
1102 1946 1201 1986 emen·

78 2007 199 2064 datione
216 2006 353 2063 Heathii:
376 2007 477 2082 posteri
492 2015 588 2064 autem
604 2007 677 2065 vidit
688 2008 775 2062 scribi
792 2007 925 2064 debuisse
940 2005 1009 2078 ἕξει,
1022 2006 1200 2086 (praeeunte

79 2089 366 2142 tamenamicomeo
382 2086 577 2143 eruditissimo
602 2083 786 2163 Burgessio,)
817 2086 892 2160 quod
919 2088 947 2142 in
973 2091 1085 2142 textum
1110 2089 1201 2162 igitur

78 2167 178 2238 recipi
203 2164 326 2239 debuit]
346 2162 472 2236 α’μύνειν
497 2164 569 2236 βέλη
592 2166 696 2239 ψυχαῖς
721 2164 834 2236 θομῷ;
857 2163 926 2236 Quis
950 2165 1023 2220 enim
1047 2165 1136 2232 horno,
1151 2169 1198 2240 qui

78 2249 160 2298 totus
172 2243 205 2297 ia
219 2242 261 2299 his
274 2249 329 2314 est,
339 2244 374 2300 ab
388 2243 482 2300 anieno
496 2265 544 2300 suo
558 2243 738 2299 consoientine
752 2243 874 2298 stimulos
888 2263 1006 2320 υπρναυι
1021 2263 1114 2299 arcere
1127 2255 1202 2321 pote·

78 2321 147 2378 rit?
166 2319 183 2340 ''
250 2331 341 2398 ruptor
354 2322 491 2401 irffuustus
506 2322 630 2392 delicias,
644 2315 710 2377 cum
725 2323 964 2378 antecedentibus
979 2327 1124 2378 construo.
1147 2322 1179 2379 P.

118 2403 190 2456 898.
244 2402 281 2462 οἷς
295 2402 340 2457 ἐπ
357 2402 538 2474 όμφαλδν-
573 2402 647 2458 Vide
665 2399 740 2457 inl'ri
754 2400 824 2457 Eur.
840 2400 916 2458 Med.
933 2401 968 2456 ad
983 2419 1011 2457 ν.
1027 2403 1094 2459 668.

119 2483 190 2536 899.
209 2477 410 2555 -Αδαισι-]
432 2482 513 2537 Abas
537 2401 626 2555 douae
652 2485 682 2535 et
705 2478 842 2558 Abantia)
869 2479 937 2536 urbs
962 2479 1096 2538 Phocidis
1114 2479 1202 2556 juxta

78 2556 266 2631 Parnassum,
281 2559 423 2631 Apollinis
438 2560 555 2616 oraculo
571 2559 659 2614 clara.
682 2557 810 2615 Bunron.

119 2641 189 2694 901.
211 2637 255 2693 Et
265 2638 309 2709 μή
325 2636 400 2694 acide
415 2635 602 2714 χειρόδεικτα
629 2658 656 2693 κ.
671 2656 700 2694 τ.
717 2637 758 2713 1.]
780 2633 837 2694 nisi
859 2637 924 2695 tneo
946 2637 1058 2694 oracula
1078 2636 1204 2697 manibus

76 2715 243 2772 nrortuh'bus
252 2715 448 2793 probabuntur.
469 2717 595 2772 Bnuncu.
616 2714 630 2738 ''
639 2714 841 2792 χειρόδεικτα,
855 2715 1012 2794 manifesta.
1036 2716 1068 2774 P.

118 2798 191 2852 903.
211 2799 334 2870 -εἵπερ
347 2795 407 2871 ὄρθ’
422 2794 567 2870 duodena]
588 2794 613 2850 si
626 2796 695 2851 recti
710 2795 800 2866 nudis,
816 2798 834 2852 i.
849 2812 876 2851 e.
891 2795 917 2851 si
931 2797 999 2852 recti
1013 2793 1162 2852 vocaris·-

118 2877 191 2930 906.
216 2870 366 2930 Φθίνοντα
380 2874 491 2952 γοδρ-]
506 2873 563 2950 yelp
579 2873 637 2944 ἤδη
652 2875 814 2948 ἐξαιροῦσιν
825 2872 940 2930 παλαιοὶ
952 2871 1091 2942 θέσφατα
1112 2871 1203 2930 Aaron

74 2951 242 3024 φθίνοντα,
256 2949 339 3026 Angl.
345 2950 399 3029 sur
412 2954 472 3028 they
486 2972 534 3008 are
548 2973 608 3008 now
623 2951 778 3028 subuertirsg
795 2952 837 3006 the
852 2951 937 3008 eredit
952 2951 1002 3007 dae
1016 2961 1043 3007 to
1058 2950 1100 3007 the
1111 2952 1201 3009 crocle

74 3029 217 3086 rendered
243 3031 359 3106 ormerly
374 3041 400 3087 to
415 3030 511 3104 Laius,
527 3029 632 3107 arisit
647 3049 716 3085 rcere
723 3028 885 3108 falling--

119 3113 191 3165 911.
248 3107 321 3184 ὠρας
346 3109 503 3183 beaussa]
526 3109 594 3166 Non
609 3108 662 3164 soli
679 3125 776 3182 reges,
791 3107 841 3164 sed
857 3107 1052 3183 cujuscunque
1073 3109 1200 3167 civitatis
1214 3112 1277 3167 142.

75 3192 231 3262 primores
246 3187 396 3244 veteribus
411 3189 635 3262 appellabantur
646 3187 789 3249 ἄνακτες.
812 3187 937 3246 Bnuncu.
967 3188 1024 3244 Sed
1040 3186 1201 3246 honorifica

74 3268 162 3322 haec
176 3266 336 3340 appellatio
351 3270 458 3340 potiori
470 3265 538 3342 jure
555 3266 760 3323 Sacerdotibus
784 3285 948 3344 congruere
972 3269 1100 3341 videtur,
1114 3285 1200 3342 quam

73 3344 239 3402 Thebanis
253 3346 370 3401 senibus
384 3345 608 3421 quibuscunque.
623 3345 751 3403 Braron.
784 3346 918 3404 Tiresias
928 3347 1025 3422 sopri,
1038 3350 1104 3403 884.
1116 3364 1201 3404 voca-

73 3422 231 3493 1111ἄναξ.
272 3423 320 3479 De
336 3428 468 3498 personis
483 3423 574 3481 Chori
588 3425 655 3482 vide
671 3425 758 3499 sopri
773 3425 808 3481 ad
824 3445 851 3483 v.
870 3431 933 3484 141.

118 3506 192 3560 914.
211 3500 308 3578 ‘lipari
318 3503 430 3578 yeip-]
454 3502 574 3582 Oedipus
585 3502 658 3560 enirn
668 3514 737 3560 tenet
748 3504 872 3560 (animum
885 3503 969 3560 nimis
984 3503 1036 3559 alti
1110 3521 1202 3560 casam

71 3579 240 3656 omnigenis
254 3580 348 3649 ουτω
370 3601 462 3658 neque,
476 3593 504 3638 ut
519 3582 611 3639 uirum
626 3584 766 3639 cordatum
781 3582 863 3652 decet,
879 3601 950 3638 novo
961 3599 993 3636 en
1003 3581 1088 3636 veter’
1105 3601 1137 3637 ris
1147 3581 1202 3638 col·

70 3660 219 3736 rigia-‘⁶
231 3657 287 3715 boc
302 3659 330 3716 id
346 3661 439 3734 ipsum
455 3666 528 3732 erat,
543 3662 618 3735 quod
633 3661 758 3716 suadere
773 3659 864 3716 voluit
878 3657 992 3714 locusta
1004 3682 1016 3728 ;
1037 3659 1152 3716 uthaec
1163 3662 1200 3716 sit

68 3755 91 3774 ··
108 3741 281 3810 argumenti
295 3741 356 3794 ris:
378 3738 442 3795 cdm
458 3742 603 3795 vaticiniis
615 3735 773 3816 praeteritis
788 3737 866 3793 nulla
878 3737 1021 3794 habeatur
1027 3735 1110 3814 fides,
1121 3739 1201 3794 nulla

67 3823 90 3853 “
106 3817 218 3872 itidem
232 3821 263 3871 et
277 3817 322 3872 his
336 3816 484 3873 recentibus
498 3816 593 3873 haberi
607 3816 710 3873 debet.”
732 3815 860 3872 Bunron.

114 3897 191 3951 919.
214 3893 355 3953 -Adnes'
373 3894 538 3971 Arretina]
561 3896 666 3970 Apollo
682 3896 787 3970 Lycius
803 3893 895 3950 dictus
911 3900 954 3950 est
970 3893 986 3950 δ
1005 3893 1103 3970 Lyceo
1114 3892 1201 3969 juxta

68 3975 224 4044 Athenas,
240 3975 315 4049 qnod
330 3971 454 4049 primdm
469 3972 532 4048 ejus
547 3975 688 4049 templum
716 3972 804 4030 luisse
831 3973 1016 4047 credebatur,
1042 3975 1083 4030 uti
1106 3971 1200 4031 rel'ert

68 4054 251 4124 Pausanias,
267 4053 343 4131 [Lib.
359 4056 376 4109 1.
392 4072 416 4109 c.
436 4051 494 4126 19]
510 4053 558 4109 vel
582 4053 598 4108 i
623 4053 711 4128 Lycii
728 4056 755 4108 1ο
781 4055 848 4110 Asii
873 4047 1024 4123 inferiore,
1049 4053 1098 4110 ubi
1124 4053 1202 4128 apud

67 4134 223 4188 Pataram
236 4149 290 4188 sex
304 4132 449 4188 mensibus
465 4131 640 4188 hiemalibus
655 4149 745 4204 agere
761 4132 884 4203 solebat,
900 4135 931 4187 ut
944 4149 1083 4207 responsa
1106 4129 1200 4206 daret,

63 4230 128 4267 sex
150 4218 251 4267 autem
266 4213 384 4268 aestivis
399 4211 475 4285 apud
493 4210 602 4267 Delum
617 4218 787 4267 maternam.
829 4209 917 4290 [Vide
944 4209 1053 4286 Heynii
1079 4209 1198 4270 Excurs.

63 4296 99 4348 11.
120 4288 167 4344 ad
191 4289 254 4345 Lib.
277 4293 314 4346 ir.
341 4289 509 4364 Aeneidos]
539 4290 706 4365 Apollinem
729 4289 850 4364 Lycium
870 4289 918 4346 vel
940 4289 1068 4365 Lyceum
1085 4307 1199 4366 quoque

60 4373 195 4426 dietum
210 4367 297 4426 fuisse
319 4374 442 4426 testator
464 4368 540 4425 idem
569 4367 734 4441 Pausanias,
774 4368 834 4425 Lib.
851 4371 882 4440 11,
902 4385 926 4424 c.
943 4369 984 4446 9.]
1006 4388 1043 4426 er
1067 4388 1104 4426 eo
1127 4366 1202 4446 qudd

59 4449 236 4522 Sicyonios
251 4447 350 4505 docuit
363 4466 419 4523 quo
429 4448 515 4504 modo
526 4447 619 4524 lupos,
629 4443 761 4525 μόνους,
788 4451 837 4524 qui
848 4447 937 4504 ovilia
948 4453 1100 4524 tantopere
1113 4465 1204 4504 vexa·

58 4532 163 4600 bant,
178 4531 210 4583 ut
223 4527 317 4586 nullus
332 4545 370 4585 ex
385 4527 443 4586 illis
456 4523 566 4590 sructris
581 4528 647 4603 capi
658 4532 767 4603 posset,
780 4530 991 4586 interimerent.
1014 4527 1102 4606 [Vide
1112 4530 1201 4586 etiam
