3034 5217
193 221 206 263 '
260 309 315 364 las
586 299 794 363 NOTAE‘lN
815 287 1046 362 EURIPIDEM.

559 695 596 754 ll.
617 693 760 754 NOTAE
780 693 826 754 IN
848 693 1079 754 EURlPlDEM.

186 859 247 915 163.
268 859 274 868 “
299 851 372 913 *Ex
380 853 545 931 Enarrma]
555 851 725 929 Euripides,
735 851 905 911 Mnesarchi
915 853 1051 910 etClitirs
1061 851 1287 912 Atheniemsium
1299 851 1380 928 filius,

258 933 472 992 celeberrimus
487 935 579 992 Poeta
592 933 752 1010 Tragion«,
767 939 850 990 natus
865 939 910 990 est
930 933 1048 1008 Olymp.
1071 949 1158 990 ων.
1187 937 1306 1008 Larte
1329 933 1379 990 Ch.

259 1013 330 1070 Nat.
346 1017 414 1072 480.
435 1017 465 1072 in
481 1013 573 1074 insulsi
589 1013 747 1083 Salamine,
762 1029 800 1070 eo
816 1014 881 1086 ipso
895 1013 942 1070 die
959 1029 1016 1086 quo
1032 1011 1229 1070 Athenienses
1245 1013 1381 1088 inclytam
1450 1028 1453 1039 ·

259 1097 416 1151 victoriam
430 1095 567 1151 navalem
582 1092 768 1150 Salaminiam
784 1091 819 1148 de
836 1089 935 1148 Persis
950 1093 1149 1166 reportarunt,
1171 1109 1230 1148 non
1246 1091 1335 1166 longe
1349 1093 1382 1148 ah

257 1171 364 1250 Euripi
381 1175 472 1231 ostio:
494 1170 569 1230 unde
580 1178 612 1227 et
626 1170 785 1245 Euripides
799 1187 905 1228 nomen
916 1187 1000 1228 suum
1015 1169 1139 1245 adeptus
1149 1167 1241 1230 ssimae
1254 1169 1383 1234 diciturl

258 1249 329 1310 Non
344 1251 436 1310 soldm
451 1259 548 1328 pater,
562 1250 614 1308 sed
629 1258 660 1307 et
674 1257 770 1306 mater
784 1248 859 1323 ejus,
868 1249 973 1306 illustri
985 1255 1050 1306 erat
1064 1249 1176 1307 fumilll
1192 1249 1383 1307 Atheniensi:

257 1334 302 1388 uti
317 1337 441 1388 testatur
456 1324 661 1402 Philochorus,
676 1328 789 1399 Suidas,
805 1329 924 1404 aliique.
967 1329 1051 1402 Apud
1070 1330 1301 1406 Aristophanem
1325 1335 1385 1405 qui·

259 1410 327 1469 dem
342 1409 542 1490 [Thesmoph.
557 1407 641 1484 381]
675 1405 959 1482 Euripidesolernm
971 1407 1142 1466 venditricis
1153 1408 1233 1465 filins
1243 1417 1383 1478 vocatur;

258 1489 313 1548 sed
335 1489 394 1548 hoc
416 1507 499 1552 more
524 1491 640 1546 comico
663 1485 821 1560 ellutitum,
838 1487 919 1544 nullo
944 1493 1083 1562 respectu
1109 1491 1249 1544 veritatis
1274 1488 1384 1546 habito.

258 1567 335 1628 Eum
370 1576 436 1626 ater
451 1571 530 1626 ritae
545 1567 713 1634 Athleticae
728 1563 993 1638 assuefacioodnm,
1007 1565 1223 1624 Grammaticos
1238 1567 1385 1624 rudimen·

260 1649 296 1706 tis
311 1589 510 1720 imhueodum,
525 1652 612 1722 atque
629 1645 772 1716 Musicae,
788 1645 985 1720 Picturaeque
1000 1645 1097 1702 studio
1112 1645 1312 1702 excolendum
1327 1663 1385 1703 ma·

259 1727 325 1786 ture
353 1728 477 1784 curavit
528 1727 560 1781 ln
590 1723 756 1782 Rhetoricis
785 1723 941 1780 Prodicum
967 1723 1095 1794 Chium;
1131 1728 1160 1782 in
1191 1723 1384 1800 Philosopbil

259 1808 467 1883 Anaxagoram
481 1804 602 1862 audivit.
643 1805 726 1860 Anno
740 1807 839 1860 autem
855 1806 960 1862 aetatis
982 1803 1096 1860 decimo
1117 1809 1224 1860 octavo
1249 1805 1289 1860 ad
1311 1805 1387 1862 Tra·

257 1885 381 1964 goedias
408 1883 553 1943 docendas
581 1886 711 1940 animum
738 1882 900 1956 applicuit:
931 1887 1017 1958 atque
1047 1890 1157 1940 tantum
1187 1881 1329 1958 profecit,
1356 1891 1387 1940 ut

199 1965 204 1972 ’
258 1967 413 2024 victoriam
442 1967 472 2021 in
501 1961 634 2038 Tragion
662 1965 826 2022 certamine
855 1959 973 2040 saepius
996 1966 1206 2036 reportaverit.
1251 1963 1386 2020 Studium

256 2049 359 2103 tameo
374 2041 582 2117 Philosophiae
598 2023 716 2100 minime*
731 2040 917 2116 negligebat:
940 2040 1014 2098 ande
1028 2040 1221 2116 Tragoedias
1245 2041 1311 2116 ejus
1325 2061 1387 2099 mo-

258 2141 324 2182 rum
338 2123 509 2200 praeceptis
524 2121 766 2178 excellentissimi
782 2122 901 2194 generis
925 2117 1087 2191 abundant,
1110 2127 1141 2176 et
1168 2124 1232 2195 ipse
1259 2121 1387 2178 Philoso-
1480 2130 1481 2156 l

255 2203 338 2283 plau¹
351 2202 490 2274 Sanun,
504 2203 568 2258 sire
591 2199 630 2258 ‘O
653 2199 704 2257 ἐπὶ
719 2203 777 2270 τῆς
793 2201 910 2270 σκηνῆς
926 2197 1082 2271 φιλόσοφος
1098 2201 1204 2274 passim
1215 2201 1386 2275 appellatus
1481 2200 1482 2224 ¹

260 2280 324 2339 fuit
368 2282 448 2338 luter
463 2299 531 2338 eum
546 2290 578 2336 et
593 2279 755 2350 Socratem,
770 2295 912 2338 summum
927 2279 1009 2336 illum
1024 2278 1233 2354 philosophum
1256 2287 1290 2336 et
1312 2283 1387 2354 opti-
1482 2272 1483 2298 ¹

258 2379 340 2420 raum
355 2363 462 2432 uirum,
477 2361 639 2416 arctissima
654 2357 859 2416 intercedebat
874 2357 1021 2495 amicipia:
1043 2375 1081 2415 ex
1102 2376 1159 2432 quo
1173 2367 1301 2432 apparet
1315 2377 1386 2416 eum

259 2442 381 2497 nonnisi
392 2441 563 2514 purissimae
576 2435 785 2512 Philosophiae
797 2434 883 2496 luisse
896 2455 961 2494 ama
975 2454 1066 2494 orem.
1098 2436 1137 2493 ‘O
1151 2435 1183 2493 δὲ
1198 2437 1385 2516 Σωκράτη-ς,
1485 2485 1486 2514 ,

241 2521 355 2596 'inquit
375 2517 526 2588 Aelianus,
553 2514 689 2574 σπάνιον
703 2513 759 2588 μὲν
787 2513 929 2587 ἐπεφοίτα
958 2521 1021 2579 τοῖς
1050 2513 1201 2594 usurpare
1222 2522 1327 2577 εἴποτε
1351 2519 1386 2576 δὲ
1486 2555 1487 2588 ,

148 2662 150 2666 ,
260 2595 442 2674 Εὐριπίδης,
456 2597 472 2653 d
486 2597 546 2666 τῆς
563 2594 735 2672 Τραγῳδίας
750 2596 891 2668 ποιητής,
904 2595 1063 2670 symleri
1078 2600 1188 2658 καινοῖς
1203 2597 1387 2674 Tpuppdot'c,

259 2674 333 2735 τότε
348 2695 381 2750 ye
394 2673 564 2748 α’φικνεῑτο.
604 2673 670 2733 Καὶ
687 2674 830 2752 Πειραιοῖ
848 2673 881 2734 δὲ
901 2674 1114 2750 ἀγωνιζομένου
1135 2679 1189 2733 τοῦ
1208 2675 1385 2752 Etlptrrt'dou,

261 2753 313 2813 καὶ
328 2756 394 2814 ἐκεῖ
405 2751 525 2834 κατῄει·
547 2753 646 2830 ἔχαιρε
660 2753 719 2830 ya'p
733 2757 780 2826 spi
793 2753 882 2832 eropi
902 2751 1042 2826 ὄηλονότι
1067 2753 1119 2811 ‹lio'
1134 2773 1168 2814 ae
1192 2756 1255 2826 τήν
1275 2755 1385 2827 enethi:

258 2835 364 2907 αὐτοῦ,
380 2831 432 2892 καὶ
447 2833 509 2905 τήν
524 2835 556 2890 ἐν
578 2837 641 2896 roa·
665 2831 783 2910 μέτροις
806 2833 928 2910 α’ρετήν.
960 2834 1044 2912 [Var.
1060 2833 1135 2891 Hist.
1151 2833 1214 2891 Lib.
1230 2835 1259 2891 ii.
1274 2851 1301 2890 c.
1320 2833 1384 2911 13.]

259 2913 354 2973 Multb
368 2911 463 2988 major
476 2930 616 2970 numerus
630 2913 794 2970 dramatum
810 2913 966 2988 Euripidis,
981 2913 1068 2988 quim
1082 2913 1233 2987 Aeschyli,
1256 2914 1308 2970 rel
1331 2915 1385 2970 So-

259 2995 385 3070 phoclis,
400 2992 436 3049 ad
451 3010 502 3049 nos
523 2995 670 3066 pervenit
712 2992 822 3050 Eorum
847 2996 926 3050 enim
948 2991 1141 3050 novendecim
1164 2989 1258 3049 adhuc
1279 3010 1386 3067 super·

259 3077 345 3142 aurit:
366 3090 404 3129 ex
419 3071 523 3146 quihus
533 3073 639 3127 metita
654 3071 804 3147 Euripidis
820 3069 1133 3130 sacilidsaestimirunt
1145 3071 1264 3128 eruditi.
1302 3071 1386 3130 Vitu-

216 3183 220 3191 ,
259 3159 347 3226 perat
361 3153 391 3208 in
403 3167 442 3207 eo
456 3149 629 3208 Aristoteles
641 3151 746 3207 malam
758 3151 868 3228 aliquot
884 3149 1047 3210 fabularum
1058 3153 1261 3208 oeconomiam
1272 3172 1279 3221 ς
1304 3150 1384 3209 idem

205 3293 209 3299 ,
260 3237 359 3301 tamen
374 3225 483 3286 satetur
497 3229 624 3285 omnium
639 3236 792 3303 poetarum
808 3229 981 3306 Euripidem
996 3245 1061 3287 esse
1076 3229 1315 3307 apaytaeoiaoroa.
1343 3230 1386 3288 ‘0

260 3307 438 3385 Εὐριπίδης,
455 3309 556 3382 inquit,
570 3308 599 3366 el
612 3305 664 3365 aul
679 3310 720 3367 aci
731 3309 814 3367 ἄλλα
830 3309 875 3380 μή
897 3302 931 3368 εὖ
955 3309 1113 3382 οἰκονομεῖ,
1134 3309 1216 3366 utta
1239 3309 1384 3387 τραγικώ-

260 3385 356 3450 surdo
370 3389 403 3460 γε
418 3387 481 3444 τῶν
494 3389 629 3458 masma
644 3387 796 3458 φαίνεται.
831 3389 894 3467 [De
911 3389 1020 3448 Poetae.
1035 3405 1056 3444 s.
1073 3391 1120 3446 26.
1136 3389 1206 3446 edit
1222 3387 1383 3464 Tyrwhitt

202 3507 207 3514 ·
260 3464 326 3524 Vol.
343 3465 363 3522 1.
379 3484 407 3541 p.
424 3470 491 3524 291.
506 3465 535 3522 h.
554 3465 616 3542 op]
659 3465 707 3524 De
724 3467 896 3544 Tragoedia
911 3469 1032 3543 loquens
1047 3467 1273 3540 quinctilianus,
1293 3467 1384 3528 “Sed

259 3550 280 3584 ‘⁶
291 3544 407 3621 longe,”
428 3548 530 3621 inquit,
546 3550 565 3583 “
577 3545 685 3604 clarids
699 3547 922 3604 illustraverunt
937 3547 994 3605 hoc
1009 3565 1082 3622 opus
1105 3546 1269 3622 Sophocles
1293 3552 1382 3623 atque

259 3630 279 3662 “
290 3623 467 3699 Euripides:
490 3644 614 3700 quorum
628 3629 657 3684 in
672 3626 783 3702 dispari
798 3627 978 3702 dicendiviai
1002 3633 1070 3684 uter
1090 3629 1128 3684 sit
1152 3633 1240 3704 poeta
1265 3628 1382 3700 melior,

258 3709 368 3762 “inter
382 3703 523 3778 plurimos
538 3708 699 3779 quaeritur.
741 3705 831 3780 ldque
847 3725 904 3782 ogo
918 3706 997 3778 sane,
1022 3709 1159 3780 quoniam
1183 3705 1219 3762 ad
1243 3723 1383 3781 praesen·

258 3788 279 3821 “
291 3790 350 3842 tem
365 3787 521 3841 materiam
536 3783 611 3841 nihil
625 3787 767 3859 pertinet,
783 3783 973 3859 injudicatum
989 3786 1132 3860 relinquo.
1175 3784 1249 3842 lllud
1264 3785 1381 3861 quidem

259 3867 375 3922 “nemo
390 3880 448 3920 non
463 3860 590 3920 fateatur
602 3881 727 3921 necesse
742 3870 798 3936 est,
814 3867 860 3937 iis,
874 3868 924 3940 qui
939 3883 972 3922 se
987 3865 1023 3922 ad
1038 3863 1183 3940 agendum
1198 3871 1381 3940 comparant,

290 4087 493 4138 †''Salaminem
505 4093 532 4137 et
543 4087 667 4153 Euripum
688 4089 833 4142 Euboicum
844 4092 934 4144 Attica
945 4095 1088 4156 interjacet.
1125 4093 1166 4146 Ad
1179 4081 1343 4144 suendum
1354 4093 1380 4140 in

255 4154 373 4215 Euboea,
385 4161 437 4204 adn
449 4157 486 4204 ita
497 4171 575 4219 prope
588 4155 721 4222 Euripum,
735 4160 807 4210 atde
821 4157 925 4224 Euripo,
939 4159 1019 4210 Persis
1044 4159 1142 4208 Graeci
1154 4160 1265 4210 navibus
1277 4159 1381 4208 obstite-

255 4228 326 4285 runt,
337 4222 487 4286 priusquam
499 4223 601 4270 eosdem
614 4224 648 4272 ad
666 4223 823 4275 Salaminem
836 4227 1011 4292 profligarunt.
1047 4225 1146 4274 Nomen
1165 4225 1254 4289 Euripi
1271 4225 1305 4286 de
1324 4225 1380 4272 aliis

254 4290 332 4339 maru
343 4287 469 4352 angustiis
481 4293 509 4336 et
520 4288 645 4337 similibus
657 4294 828 4341 communiter
840 4299 987 4356 usurpatur.
1018 4291 1111 4342 Nescio
1133 4307 1166 4340 an
1179 4291 1274 4340 fretum
1339 4305 1379 4338 ne

254 4359 312 4404 tum
323 4355 389 4404 inter
401 4353 558 4403 Salaminem
569 4361 597 4404 et
609 4357 723 4406 Atticam
734 4365 781 4408 aut
793 4359 827 4408 ab
838 4359 1025 4422 antiquioribus
1037 4365 1084 4408 ant
1093 4374 1110 4408 a
1126 4359 1310 4408 recentioribus
1350 4370 1378 4402 u-

254 4421 325 4485 ripus
337 4421 497 4472 nominatum
515 4420 558 4470 sit.
584 4422 740 4484 Fabricium,
753 4423 856 4474 llarles.
872 4425 976 4476 Barnea.
989 4426 1040 4476 lic.
1065 4425 1157 4474 Dalsel
1169 4423 1317 4490 nonprncul
1335 4420 1378 4473 sall

254 4487 469 4552 properequitnr.
505 4487 570 4536 Vide
590 4484 685 4537 Herod.
706 4487 775 4540 Vlll.
797 4493 836 4542 11.
856 4495 898 4544 81.
911 4493 944 4544 de
961 4493 1074 4558 proeliis.
1107 4491 1222 4542 Pausan-
1245 4490 1339 4541 laeun.
1351 4501 1374 4538 a.

258 4555 299 4603 14.
312 4554 406 4604 Arcad.
420 4569 445 4604 c.
458 4555 500 4605 30.
510 4553 562 4605 dcc.
576 4555 608 4604 de
622 4553 731 4620 Euripis.
751 4555 781 4605 P.
