3034 5217
455 290 599 356 noran
626 293 672 354 m
696 294 862 356 monum
1169 305 1227 372 ens

101 531 1302 578 m

343 723 348 730 ’
436 739 473 798 11.
495 739 639 800 Nonus
659 739 704 798 nn
725 737 892 798 monem

142 893 195 954 *E
209 895 324 973 Brome]
345 895 446 955 Bionis
459 884 655 974 praecipuum
667 897 803 972 idyllium
815 902 859 956 est
873 895 1057 976 Epitaphium
1071 897 1208 972 Adonidis
1216 924 1228 972 ;
1239 905 1305 964 251.
1392 943 1403 970 ,

100 973 118 1033 ὲ
135 994 193 1052 qno
207 984 381 1050 excerptum
397 975 529 1048 dedimus
540 978 569 1032 in
584 975 660 1032 Coll.
679 975 729 1032 Gr.
749 976 821 1034 Min.
836 977 913 1052 quod
928 977 1012 1050 uide3
1034 981 1125 1037 etiam
1144 981 1227 1056 idyll.

101 1058 132 1112 ii.
151 1062 181 1112 et
195 1055 233 1112 vi.
251 1057 305 1110 uni
319 1073 386 1115 cum
401 1055 516 1112 Notius
530 1055 617 1111 brevi
632 1054 668 1111 de
684 1052 789 1129 Bione‚
804 1056 856 1112 bo.

141 1207 328 1277 llllorlllem
341 1210 395 1288 γ’]
418 1209 497 1290 tuytt.
514 1209 566 1268 111.
609 1211 641 1268 ln
655 1211 713 1269 boc
728 1209 835 1288 ldyllio
850 1213 893 1270 vis
908 1211 1023 1270 Amoris
1035 1283 1038 1290 Ι
1048 1214 1228 1292 lepidissimi

101 1288 200 1348 sabula
216 1289 339 1366 pulchre
354 1291 540 1349 describitur.

143 1375 170 1427 3.
193 1369 237 1431 Ec
253 1367 347 1444 χθόνα
361 1365 588 1445 camerimnus]
612 1367 645 1426 ln
659 1379 762 1427 umam
777 1378 859 1448 eaput
872 1367 1066 1445 demittentem,
1091 1373 1167 1447 quod
1189 1373 1227 1431 de
1320 1355 1329 1373 ⁸

101 1449 268 1520 iudicitur,
284 1449 459 1524 quipudore
478 1449 528 1508 rel
551 1451 697 1506 moestitiis
725 1446 898 1506 afficiuntur.
919 1449 1069 1523 νευστᾶζω
1093 1458 1138 1508 est
1151 1462 1227 1526 nuto,

102 1529 176 1584 ilem
191 1538 272 1606 caput
286 1528 406 1585 demuto.
440 1527 514 1586 Vide
530 1527 631 1603 Odyss.
645 1536 673 1600 o,
692 1531 756 1584 153.

142 1611 170 1662 Ἰ.
190 1603 429 1684 -πλαγίαυλοῆ
438 1605 536 1665 tibiam
547 1606 695 1684 obliquam,
702 1605 953 1680 -autiv,titiom
962 1616 1075 1680 rectam,
1083 1607 1227 1684 -χὶλυν,

101 1683 272 1757 testudinem,
286 1684 455 1763 -xtltapeu,
471 1686 615 1744 cularum.
647 1685 721 1742 Vide
736 1683 825 1761 suprsl
840 1685 876 1742 ad
891 1705 919 1762 p.
935 1690 1002 1744 246.
1019 1706 1046 1744 v.
1061 1691 1110 1759 28,
1125 1691 1172 1746 29.

145 1767 190 1821 13.
210 1764 440 1841 -ἐδιδα’χθην.]
462 1763 555 1822 doctus
568 1785 638 1836 sum,
652 1763 750 1822 didici.
785 1764 944 1823 Caeterum
968 1783 1059 1824 voces
1083 1766 1226 1842 Doricae,
1284 1817 1289 1828 .

101 1859 177 1917 quae
193 1842 240 1900 bic
256 1849 422 1917 occurrunt,
437 1851 588 1920 nequeunt
606 1841 737 1901 difficiles
755 1861 820 1902 esse
841 1842 1002 1920 discipulis,
1016 1847 1065 1922 qui
1089 1863 1146 1903 non
1159 1854 1227 1905 suut

101 1919 216 1979 omnino
231 1925 348 1980 tirones.

128 2075 333 2138 ’Ἓίδύλλισν
346 2079 397 2157 δῖ]
419 2078 499 2159 ttytt.
516 2079 566 2138 IV.
607 2079 708 2140 Musae
724 2079 826 2140 lavent
841 2081 1027 2149 amatoribus.
1235 2087 1302 2142 252.

144 2165 172 2218 t.
192 2156 284 2220 -ὅτι
298 2162 388 2233 μῦθος
403 2157 450 2220 ὅδ’
463 2161 574 2218 ἔπλετο
586 2163 679 2219 πᾶσιν
693 2159 836 2237 ἀληθής]
859 2159 929 2238 φιόἀ
943 2161 992 2219 boc
1005 2159 1116 2220 uerbum
1130 2181 1225 2220 uerum

100 2239 139 2300 sit
152 2240 284 2339 omnibus,
301 2242 318 2298 i.
335 2258 361 2296 e.
377 2240 426 2298 boc
445 2239 557 2298 uerbum
576 2260 672 2299 oerum
694 2259 747 2297 esse
771 2237 902 2298 omnibus.
943 2239 992 2298 De
1017 2241 1135 2318 ἔπλετο,
1156 2243 1225 2300 vide

99 2318 435 2471 wgrallrlullglbollltlslt
447 2323 588 2474 nullom]
610 2398 694 2475 Angl.
717 2419 764 2475 my
786 2408 885 2474 tongue
899 2397 1012 2477 falters.
1041 2397 1227 2472 *ῑβαμδαὴω

99 2483 122 2516 “
134 2476 209 2552 est,”
225 2481 318 2553 inquit
332 2475 494 2550 Dammius,
519 2483 539 2514 ‘⁶
550 2479 676 2536 verbum
691 2476 791 2535 fictum
806 2495 845 2534 ex
859 2495 930 2534 sono
945 2495 1058 2551 eorum,
1074 2481 1123 2555 qui
1143 2479 1225 2554 loqui

100 2562 122 2596 ‘⁴
135 2563 286 2630 conantur,
301 2553 366 2614 crim
383 2555 467 2614 valde
481 2557 591 2633 algent,
602 2563 710 2614 etcum
722 2563 851 2614 tremore
864 2556 1049 2615 maxillarum
1058 2557 1224 2633 loquuntur.

101 2635 227 2694 “emor
250 2635 335 2711 loqui,
360 2636 408 2693 seul
424 2635 562 2714 impedior
583 2635 726 2694 tremore.”
763 2635 852 2714 [Vide
869 2635 901 2692 ll.
919 2657 947 2711 x,
962 2637 1045 2713 375]
1086 2636 1225 2714 Vulgaris

100 2716 192 2772 lectio
207 2720 253 2772 est
265 2713 446 2788 Καμόαίνει,
461 2734 546 2792 quam
561 2719 696 2774 vitiosam
711 2720 815 2772 censet
828 2715 1043 2773 celeberrimus
1060 2715 1226 2774 Valckens-
1235 2753 1250 2774 a

42 2844 46 2854 ,
100 2797 172 2852 rins.
207 2793 265 2851 Pro
279 2793 355 2867 mod,
370 2798 400 2850 in
415 2813 503 2853 versu
517 2797 631 2869 ultimo,
646 2795 724 2853 idem
736 2797 784 2852 vir
794 2797 1058 2869 praestantissimus
1071 2796 1226 2871 praetulis-

100 2885 149 2931 set
161 2872 249 2946 cuod,
263 2873 340 2948 quod
355 2872 405 2930 dat
419 2874 486 2931 edit.
502 2874 611 2946 Ursini,
625 2878 650 2931 si
665 2873 792 2932 Codices
806 2871 1016 2931 exhibuissent.

142 3028 247 3107 leuel]
270 3029 460 3104 Horremus,
476 3034 554 3090 inter
566 3031 680 3088 Moschi
695 3034 857 3088 carminum
873 3030 1012 3109 reliquias
1034 3032 1143 3108 absque
1165 3032 1226 3090 ulls

101 3113 277 3169 auctoritate
293 3112 437 3186 vulgatos,
452 3117 484 3166 ut
499 3109 598 3168 Bionis
609 3111 732 3168 exhibet
746 3109 888 3167 Stobeeus
899 3110 981 3168 Gem.
993 3129 1022 3186 p.
1037 3115 1104 3170 388.
1121 3110 1225 3184 Grotli,

100 3209 132 3266 p.
148 3195 214 3247 sto.
235 3190 342 3246 Venor.
362 3188 479 3247 ''Serm
494 3187 561 3247 b'l.'‘
576 3189 734 3248 Continent
748 3188 887 3266 hymnum
903 3187 1132 3264 ad‘Hesperum.

147 3274 170 3326 1.
188 3267 414 3346 ἘΣΠΕΡΕ,]
430 3268 532 3326 Infima
542 3279 587 3326 est
595 3272 721 3345 quinque
733 3271 1070 3345 errantium‚terraeque
1080 3271 1225 3344 proxima,

100 3348 189 3405 stella
201 3347 337 3422 Veneris,
348 3366 423 3424 quae
443 3346 599 3425 Φωσφόρος
610 3348 736 3427 Graece,
752 3347 872 3406 Lucifer
882 3347 987 3405 'Latine
1003 3347 1119 3422 dicitur,
1138 3364 1226 3423 quum

101 3428 305 3503 antegreditur
313 3428 406 3484 solem
418 3449 425 3483 ι
441 3443 528 3503 quum
538 3429 725 3504 subsequitur
735 3432 845 3499 sutem,
855 3425 1014 3501 Hesperos.
1034 3425 1095 3484 Crc.
1107 3427 1142 3484 de
1155 3427 1186 3483 N
1187 3433 1226 3482 et.

101 3507 197 3564 Deor.
221 3506 269 3564 lib.
295 3509 326 3564 ii.
346 3524 372 3564 c.
395 3511 441 3564 20.
477 3504 523 3564 Cf.
549 3507 581 3564 ll.
604 3510 726 3582 1,31't.
770 3499 836 3568 otor
862 3499 1228 3582 succendentium

101 3589 176 3644 Aen.
192 3587 254 3657 viil,
270 3589 336 3642 590.
358 3583 480 3664 χρύσεον
494 3583 568 3660 polos
584 3588 644 3649 soie
659 3585 770 3663 ἐρατοῖς
787 3583 997 3660 Appoysvm'ue,
1011 3603 1124 3642 aureum
1139 3583 1229 3640 umen

102 3664 220 3722 blondus
238 3663 592 3742 Venerin—Appoye'mm,
618 3666 723 3723 eadem
745 3679 820 3740 quae
843 3661 1010 3740 Αφροδίτη,
1025 3669 1148 3739 utreque
1163 3661 1226 3718 scil.

103 3744 141 3800 ab
154 3744 258 3820 α’φρός,
268 3763 386 3820 spumo,·
406 3745 458 3801 sed
470 3745 544 3801 baec
553 3745 589 3800 de
605 3743 731 3800 Veneris
744 3758 858 3818 genere
870 3741 995 3799 absurda
1005 3739 1104 3799 sabula
1114 3746 1228 3815 tempo-

103 3821 185 3880 ribus
200 3821 325 3880 Homeri
341 3827 450 3898 ignota.
470 3822 547 3898 ἱερὸν
560 3822 683 3896 ἄγαλμα
699 3841 783 3880 κυαν.
806 3839 832 3877 ν.
855 3840 965 3880 socrum
988 3820 1067 3878 decre
1089 3820 1228 3878 coemteae
1308 3856 1314 3870 ·

101 3897 313 3958 noctu—rmus*
328 3901 453 3973 nuptm
468 3903 568 3973 κῶμον
577 3900 804 3975 elysum-Vide
819 3900 918 3977 sopri,
933 3901 969 3959 sd
984 3899 1118 3962 Theocr.
1144 3898 1228 3977 ldyll.

103 3982 187 4037 xviii.
203 3984 249 4037 26.
265 3997 294 4054 p.
309 3985 376 4038 243.
390 3977 457 4052 ''lil,
474 3986 499 4038 1.
514 3996 543 4057 p.
559 3984 625 4037 226.
647 3979 679 4037 P.
883 4029 892 4046 ,

144 4063 173 4116 6.
192 4058 284 4115 -οὐκ
299 4056 350 4117 ἐπὶ
365 4059 467 4137 φωρᾶν
482 4057 644 4139 Ερχομαι,]
666 4079 721 4116 noo
735 4057 938 4136 adsumendum
952 4077 990 4116 eo.
1032 4059 1162 4116 Imitatus
1183 4061 1230 4114 est

103 4153 264 4214 anonymus
290 4139 410 4215 Anglus,
431 4157 518 4214 quem
533 4144 564 4195 et
575 4136 690 4195 Graece
715 4143 746 4195 et
768 4137 868 4196 Latine
890 4141 1037 4214 expressit
1055 4141 1103 4196 vir
1123 4139 1229 4194 summi

105 4220 218 4291 ingenii
242 4215 406 4275 Gulielmus
434 4218 545 4289 Jones3
577 4217 726 4296 [Appenni.
752 4216 788 4274 ad
814 4216 896 4274 Pois.
925 4219 1015 4276 Asiat.
1037 4215 1149 4274 Comm.
1178 4231 1229 4292 pp.

104 4298 174 4354 509.
191 4295 272 4371 530]
289 4301 337 4372 qui
352 4315 427 4373 qnae
442 4296 557 4354 Graece
573 4300 747 4372 composuit,
762 4313 799 4352 ea
813 4313 870 4354 nec
882 4297 1030 4372 elegantil
1045 4301 1158 4368 carent,
1172 4311 1230 4360 nec

103 4375 215 4450 ubique
232 4377 383 4434 erroribus
398 4376 494 4435 libera
507 4381 581 4434 sunt.
600 4373 646 4432 Cf.
662 4375 827 4434 Philodemi
848 4375 950 4454 Epigr.
967 4378 1016 4433 vii.
1031 4377 1061 4432 in
1076 4373 1125 4431 Br.
1146 4374 1229 4432 Anal.

103 4460 175 4511 tom.
191 4454 219 4510 ii.
235 4470 263 4528 p.
279 4459 326 4512 st.
342 4455 380 4513 Τ.
395 4455 506 4514 Yonso.
613 4517 616 4520 ,
834 4459 841 4477 “

137 4533 173 4667 3.
192 4534 328 4669 -ἧαλὰν
342 4533 374 4594 st
389 4537 417 4594 c*
431 4533 615 4613 ἐρασσαμὲνῳ
625 4531 824 4613 cucumae]
841 4533 987 4614 polubrum
1000 4542 1091 4614 cutem
1105 4545 1143 4592 ert
1155 4549 1232 4592 umo-
1352 4539 1362 4564 ⁹

168 4627 213 4668 οι..
257 4653 264 4668 .
696 4615 734 4672 97
1093 4619 1096 4625 ’
