3034 5217
435 329 578 389 uorsn
605 330 650 401 ru
670 330 915 391 soruocnnu.
952 396 955 424 ¹
1160 341 1233 394 ·105

159 457 229 509 363.
248 452 326 510 Αλλ·
341 452 375 509 οὔ
388 469 419 508 τι
434 451 600 530 χαίρων-]
616 453 727 530 luthera
743 461 787 511 est
801 456 930 532 impune:
950 457 992 510 uli
1013 455 1235 528 yryndoir,'insrd
1248 462 1311 515 194.

117 549 149 587 v.
164 535 233 588 368.
274 532 322 586 Sic
337 531 458 604 Longin.
473 537 544 588 sect.
559 535 618 589 xvi.
646 531 773 608 Xuthum
789 551 835 596 τις
858 535 956 590 αὐτῶν
982 533 1091 605 τούμόν
1115 536 1239 608 α’λγυτεῖ

119 607 202 684 κέαρ.
243 608 301 666 Ubi
315 609 384 666 vide
399 625 474 683 quae
490 613 637 667 annotavit
651 611 698 667 vir
711 611 812 667 doctus
826 611 843 666 J
847 630 910 667 oun.
926 611 1069 686 Toupius.
1090 614 1234 684 πημοιιίς,

116 687 160 762 gl.
176 685 328 763 loedope'ac.
350 683 367 705 ”
375 685 451 744 Vide
468 686 542 744 inira
556 706 585 763 p.
604 692 668 746 ius.
684 687 753 745 Eur.
766 689 844 746 Med.
860 695 925 746 399.
950 689 980 744 Ρ.

160 769 229 822 365.
249 767 325 828 —ole
338 763 442 838 prdem
455 763 630 841 εἰρήσεται]
650 768 687 828 ὡς
701 764 816 838 uelum,
827 769 867 844 gl.
882 765 946 825 ἐπεὶ
959 767 1096 844 ἀκαίρως.
1137 768 1167 823 lu
1184 788 1236 825 usu

118 849 188 900 sunt
202 843 277 918 apud
293 843 456 900 Homerum
471 851 501 901 et
516 845 588 901 alios
603 843 706 900 Potitus
720 846 775 921 ipro
790 852 820 901 et
834 851 912 922 siper,
927 846 999 918 dieo,
1015 846 1088 901 unde*
1103 849 1131 902 in
1146 845 1197 902 lut.
1209 853 1236 904 2.

118 920 371 1076 Ρῗεῖἑρέεὲήσοςᾳι.
406 921 488 1057 sVtidp
505 923 585 1058 lliudi.
601 943 635 1058 we
652 927 720 1018 μ4193.
761 925 792 980 ln
808 943 859 980 usu
874 933 938 980 sunt
960 927 1049 982 etium
1069 923 1133 1001 piro,
1158 924 1236 1002 ipio,

119 1019 139 1056 e
272 1019 310 1056 nn
331 1019 392 1057 ern
418 1021 457 1056 u.
494 1020 564 1058 ,ωε
585 1021 620 1059 ,ε
746 1022 766 1056 ι.

162 1084 231 1150 366,
246 1042 313 1136 363.
333 1079 500 1149 Λεληθέναι
523 1088 555 1136 σε
575 1009 908 1156 φημςέη-ῗῖξμῗλοῦντ’,-]
930 1079 983 1136 dio
997 1089 1021 1136 te
1038 1101 1092 1136 corr
1112 1080 1238 1138 unimod-

118 1168 226 1213 vertere
240 1169 264 1213 te
278 1176 455 1229 consuescere,
470 1158 530 1229 vel,
545 1158 592 1214 uio
606 1169 631 1213 te
644 1157 762 1214 inscium
777 1177 950 1215 consuescere.
974 1157 1060 1236 [Vide
1080 1159 1144 1215 Vol.
1166 1159 1184 1214 Ι.
1201 1160 1237 1216 ud

121 1251 151 1308 p.
169 1239 215 1291 87.
230 1254 257 1291 n.
275 1241 300 1292 l.
316 1239 406 1292 etiarn
421 1237 564 1311 Viget-uni
579 1236 615 1291 de
630 1235 681 1291 Gr.
698 1236 778 1292 Dict.
794 1235 931 1293 ldiotism.
946 1235 979 1292 C.
995 1236 1029 1291 V.
1044 1255 1066 1291 s.
1078 1239 1139 1294 viii.
1156 1255 1178 1294 r.
1194 1237 1236 1312 3.]

123 1311 211 1371 “cdv
226 1318 288 1375 τοῖς
311 1314 479 1383 φιλτάτοις.
522 1314 631 1370 Plurali
651 1331 774 1371 numero
796 1333 882 1372 unam
904 1321 1028 1371 matrem
1050 1318 1147 1371 innuit.
1189 1316 1237 1373 Sic

124 1390 230 1448 “infrd
247 1396 330 1449 1134.
365 1394 495 1467 Oedipus
510 1394 569 1450 cit:
594 1393 649 1464 ξύν
670 1388 712 1455 οἷς
738 1395 765 1448 τ’
789 1395 821 1450 orl
844 1395 924 1470 χρῆν
938 1397 968 1466 μ’
993 1395 1115 1468 ὁμιλῶν,
1138 1393 1187 1456 οὕς
1210 1397 1238 1450 c'

124 1471 200 1542 ‘teu'
218 1472 270 1528 oriz
291 1472 348 1530 ἔδει
369 1470 498 1529 secudu·
518 1489 640 1546 quorum
662 1471 719 1527 hoc
742 1472 778 1527 ad
802 1472 894 1528 solum
916 1478 1039 1546 patrem,
1053 1473 1187 1546 superius
1203 1473 1239 1530 ad

124 1550 248 1606 “solam
262 1555 385 1606 matrem
399 1549 537 1606 refertur.
577 1549 630 1606 Est
644 1549 701 1607 hoc
714 1549 834 1607 schema
851 1549 985 1624 Tragicis
997 1550 1080 1606 valde
1090 1553 1237 1620 usitatum,

125 1631 146 1664 ‘⁶
157 1627 196 1684 de
220 1645 276 1702 quo
300 1629 442 1685 ridendus
465 1627 631 1686 Gatalrerus
656 1629 732 1704 Opp.
758 1629 797 1684 T.
814 1632 832 1685 l.
847 1647 875 1702 p.
897 1627 985 1686 351.”
1006 1627 1133 1684 Bnuucn.
1153 1629 1189 1688 ἵν’
1211 1623 1242 1687 εἶ

127 1711 263 1763 κακοῦ-
276 1727 327 1783 quio
341 1708 373 1763 iu
387 1716 458 1764 statu
472 1707 599 1763 miseriae
632 1707 715 1764 esitus
730 1715 778 1764 es!
800 1706 856 1764 Hic
871 1713 900 1764 et
916 1711 1021 1780 passim
1038 1709 1073 1762 cd
1088 1709 1137 1764 ἵνα
1153 1707 1240 1763 deno·

126 1789 167 1840 tat
182 1785 240 1842 tdrn
254 1791 369 1857 statum,
384 1785 468 1864 quim
483 1787 588 1842 locum.
610 1729 737 1842 gonnors.
758 1781 843 1857 ”ἴνα,
857 1785 913 1858 sti,
929 1786 992 1842 adu.
1009 1803 1070 1860 reg.
1085 1803 1152 1860 gen.
1174 1786 1205 1842 P.

166 1869 233 1920 374.
253 1864 342 1925 Mais
358 1862 457 1939 τρέφει
473 1864 543 1940 πρὸς
564 1863 699 1938 scatade]
725 1864 757 1921 ld
779 1869 833 1936 est,
854 1863 907 1935 μία
931 1871 962 1920 σε
987 1860 1045 1934 cal}-
1064 1861 1172 1938 τρέφει.
1198 1864 1237 1939 gl.

124 1940 228 1998 διόλου
240 1944 273 1998 ἐν
286 1943 333 2014 τῷ
346 1940 448 1999 σκότει
462 1940 634 2018 διατρίόεις,
649 1946 698 2017 qui
713 1943 861 1999 verus'est
875 1941 978 1998 horum
1003 1942 1160 1998 verborum
1175 1961 1239 1998 sen-

125 2038 183 2076 sns.
224 2020 322 2077 Neruo
337 2024 462 2095 ignorat,
474 2025 610 2094 quantum
623 2019 791 2095 frequentet
807 2020 966 2095 Sophocles
983 2020 1103 2078 verbum
1119 2018 1239 2096 ’τρέμειν
1266 2043 1270 2062 ⁸

126 2117 212 2157 sensu
226 2101 281 2156 cod
296 2101 386 2172 ἔχειν,
397 2101 453 2173 qud
468 2099 503 2154 de
519 2117 552 2154 re
567 2098 684 2155 videndi
699 2097 887 2156 Casoubouus
903 2099 939 2155 ad
962 2099 1065 2155 Athen.
1081 2116 1109 2173 p.
1126 2103 1192 2154 549.
1208 2105 1239 2156 et

126 2171 338 2234 Valckeueirius
353 2177 388 2234 ad
414 2177 534 2252 Hippoi.
556 2181 623 2234 364.
647 2176 724 2235 ὥστε
747 2176 821 2250 μήτ’
845 2176 905 2250 ἐμὲ,
928 2175 1005 2248 μήτ’
1026 2177 1130 2249 ἄλλον,
1155 2170 1238 2239 ὅστις

126 2254 950 2406 ἷῗὲ63ῗὲάψέἑυῖῗἅᾏῗῗ,”ἷ,ἷῖἴιὲ”’·ἰ”ἷ”ἕὲἒ“”ἑῑ
963 2255 1114 2390 tillet
1137 2255 1240 2391 vld‘ll’

127 2355 219 2487 phiced
231 2355 339 2485 cllum,
351 2419 382 2469 ut
397 2355 522 2470 ridellhr.
563 2414 595 2478 ln
608 2336 841 2470 logmnibusghdldd.
867 2354 941 2469 telepte
953 2352 1241 2486 'Bnmckisyllgguur

128 2490 255 2568 βλάψαι.
278 2492 383 2562 ¹Quod
398 2498 496 2548 autem
514 2491 649 2548 Tiresias
674 2493 831 2564 respondet
855 2493 883 2548 in
906 2491 1031 2566 vulgatis
1056 2492 1241 2560 editionibus,

123 2569 225 2644 judice
240 2570 344 2627 eodem
359 2569 517 2642 Brunckio,
532 2570 617 2645 plane
631 2574 809 2628 contrarium
820 2576 865 2627 est
877 2569 962 2642 illius,
974 2570 1049 2644 quod
1061 2570 1239 2644 respondere

126 2649 245 2706 debuit:
265 2652 298 2706 od
311 2647 370 2725 γάρ
382 2667 418 2722 με
432 2653 520 2725 μοῖρα
535 2647 606 2725 πρός
621 2668 653 2723 γε
667 2651 719 2705 σοῦ
740 2653 850 2707 πεσεῖν.
892 2646 990 2718 lmmd,
1014 2649 1106 2723 iuquit
1127 2648 1185 2720 hic,
1209 2650 1250 2705 ori·

126 2725 184 2804 reip
195 2736 227 2784 σε
242 2733 327 2804 μοῖρα
341 2726 413 2804 πρός
427 2731 453 2801 7²
467 2729 537 2800 ἐμοῦ
551 2731 660 2785 πεσεῖν.
701 2727 732 2783 ln
748 2729 808 2783 istis
828 2727 886 2802 γάρ
900 2724 1029 2782 refertur
1050 2726 1085 2782 ad
1107 2743 1243 2800 suppres-

125 2825 189 2862 sam
203 2810 364 2864 sententiae
380 2813 505 2881 purtem,
520 2804 605 2862 facile
619 2806 828 2880 supplendam:
849 2805 908 2861 οὐδ’
924 2803 965 2862 ἄν
984 2812 1015 2861 σε
1031 2801 1187 2880 βλάψαιμ·
1209 2807 1242 2862 od

126 2885 187 2962 γάρ
199 2883 287 2960 pelpe'
302 2886 364 2940 ἐστι
378 2884 409 2942 σὲ
424 2886 498 2961 πρὸς
513 2886 584 2956 ἐμοῦ
598 2888 707 2940 πεσεῖν.
748 2883 856 2955 Facile,
882 2885 1026 2956 imperitis
1051 2881 1241 2940 describenti·

127 2965 182 3019 bus
196 2963 334 3036 librariis,
355 2966 526 3038 pronomina
548 2965 720 3019 commutari
743 2967 908 3038 potuerunt.
930 2959 999 3016 τόθ’
1021 2961 1177 3037 ἐκπρᾶξαι,
1201 2962 1240 3037 gl.

128 3041 206 3099 τάδε
235 3043 411 3118 τιμωρῆσαι.
451 3041 532 3112 Quid
559 3036 656 3097 recol
685 3041 786 3113 Scelus,
815 3042 889 3117 cujus
917 3049 1055 3096 auctorem
1081 3039 1242 3116 investigas,

129 3120 248 3199 quodque
262 3130 287 3177 te
300 3121 390 3197 ipsun
399 3123 525 3198 patrdsse
539 3119 661 3196 ignoras.
703 3118 832 3176 Obscurd
857 3120 986 3194 loquitur
999 3117 1141 3189 Tiresias,
1157 3121 1196 3174 ita
1212 3125 1243 3174 ut

128 3198 206 3275 quod
220 3202 245 3256 is
260 3202 380 3274 cogitet,
396 3218 452 3255 non
466 3202 564 3255 statim
588 3198 707 3273 adsequi
731 3202 822 3272 possit
846 3197 993 3272 Oedipus:
1015 3197 1067 3253 sed
1088 3196 1171 3252 nobis
1193 3199 1242 3272 qui

129 3279 264 3353 legimus,
292 3281 451 3352 perspicua
479 3283 524 3334 est
550 3281 706 3350 sententia,
730 3277 817 3333 modo
844 3278 926 3333 ulcus
954 3275 1089 3333 lectionis
1116 3283 1242 3332 sanetur.

129 3357 279 3414 Hactenus
294 3355 465 3415 Brunclrius.
507 3355 565 3412 Sed
579 3362 692 3412 textaun
705 3359 768 3412 sine
783 3358 968 3427 necessitate,
985 3353 1042 3410 irnd
1056 3371 1122 3410 cum
1137 3371 1242 3429 magno

127 3438 293 3492 sententiae
308 3435 491 3507 detrimento,
506 3436 596 3491 abeo
616 3435 664 3490 hic
688 3440 829 3491 mutatum
853 3432 983 3490 feliciter
1005 3433 1129 3490 ostendit
1153 3431 1180 3487 J.
1203 3432 1241 3490 Τ.

129 3518 161 3571 in
174 3514 267 3571 literis
281 3513 317 3570 ad
331 3531 378 3569 me
394 3513 483 3582 datis3
505 3515 553 3589 qui
568 3513 625 3568 hoc
637 3515 724 3572 modo
737 3529 852 3569 sensum
864 3517 969 3587 poetae
981 3513 1148 3568 enarravit:
1169 3509 1241 3568 Ocu.

133 3593 197 3669 Thy
211 3591 348 3650 blindness
360 3591 438 3648 atoue
449 3602 569 3670 protecte
583 3592 639 3647 thee
645 3590 726 3668 from
740 3591 830 3664 loun,
846 3589 928 3722 amu
951 3605 996 3663 my
1020 3587 1103 3658 houd,
1119 3609 1150 3644 or
1162 3589 1244 3666 from

129 3690 186 3747 any
199 3670 306 3743 other's,
320 3671 380 3726 who
394 3673 484 3747 enjoys
499 3671 540 3727 the
555 3669 673 3746 blessing
685 3667 808 3746 ossiglst.
885 3684 902 3724 e
927 3669 990 3741 pity
1015 3666 1067 3741 thy
1090 3667 1242 3723 wretched

129 3755 215 3821 state,
231 3750 285 3806 end
301 3753 330 3806 iu
344 3749 408 3805 that
418 3752 480 3824 pity
491 3749 562 3804 thou
572 3753 617 3804 art
625 3744 695 3803 ease.
711 3747 781 3803 Tru.
802 3745 832 3802 N
835 3763 886 3820 ay;
907 3743 1032 3820 pretend
1047 3749 1096 3799 not
1111 3747 1140 3800 to
1154 3743 1240 3802 make

129 3846 178 3884 me
194 3828 244 3884 the
259 3828 359 3902 object
372 3825 407 3884 os
416 3827 469 3903 thy
481 3826 639 3902 pity-and
653 3822 804 3883 therefore
820 3825 907 3880 claim
921 3821 1016 3879 credit
1031 3819 1077 3878 sor
1089 3828 1140 3878 not
1154 3821 1243 3898 injur-

130 3910 182 3981 ing
195 3924 252 3963 me.
293 3906 310 3963 1
312 3906 383 3984 seur
396 3907 453 3963 thee
466 3913 522 3962 not.
556 3903 609 3981 My
621 3903 686 3962 stit
698 3903 878 3999 inpropheey
897 3920 1001 3958 escures
1024 3919 1067 3956 me
1089 3901 1150 3957 thou
1168 3913 1243 3957 cunst

130 3985 166 4041 do
179 4002 222 4041 me
236 4006 271 4042 uo
284 3986 371 4042 laun.
393 3983 436 4065 (v.
451 3988 518 4040 448.
532 3986 567 4041 od
579 3979 637 4060 γάρ
659 3985 715 4040 lod
736 3980 813 4040 ὅπου
825 3977 860 4038 σύ
879 3978 911 4054 γὲ
925 3982 954 4052 μ’
968 3975 1080 4058 ὀλεῖς.)
1102 3977 1196 4056 Apollo
1219 3980 1244 4034 is

129 4063 317 4141 ult-officient
331 4073 358 4120 to
368 4073 473 4142 protect
486 4062 718 4120 discernam-or
727 4070 754 4119 to
762 4078 865 4138 coenge
879 4059 945 4114 him.
986 4057 1076 4114 'I'hou
1087 4056 1184 4113 darest
1194 4063 1243 4113 not

130 4143 215 4200 haurn
229 4159 287 4198 me.
320 4143 408 4212 Quod
422 4141 458 4198 sd
473 4139 539 4197 τάδ’
553 4141 852 4217 exspuitur—attinet,
867 4136 908 4194 cd
925 4137 992 4194 κατ’
1014 4133 1063 4209 ἐμὲ
1086 4136 1243 4205 ἐκδικῆσαι

130 4221 263 4296 —inquit
291 4221 476 4278 Scholiastes.
517 4219 629 4277 Eodem
657 4220 742 4277 modo
752 4217 835 4354 Ἰςνν.
860 4213 1001 4296 los-3.)
1031 4214 1187 4271 denunciat
1215 4217 1244 4270 ei

128 4299 263 4373 Oedipus
277 4299 345 4376 quid
361 4302 424 4374 ipse
439 4296 567 4356 facturus
582 4304 670 4371 esset,
685 4301 738 4356 nisi
784 4295 885 4353 ireslas
899 4313 990 4351 senex
1005 4291 1106 4349 suisset
1125 4297 1157 4347 et
1179 4308 1245 4348 cue-

129 4395 194 4448 cus,
207 4378 339 4452 adeoque
355 4383 431 4434 tutus
445 4378 483 4434 ub
498 4378 602 4436 in‘urih
615 4377 669 4434 sub
683 4375 828 4454 praesidio
851 4372 990 4431 naturalis
1011 4369 1242 4430 misericordiae.

133 4457 165 4513 ln
179 4456 236 4512 hoc
252 4460 338 4513 totius
351 4457 458 4532 dialogi
472 4399 561 4514 cardo
576 4459 716 4526 vertitur;
738 4455 784 4535 (v.
800 4451 882 4534 363.)
911 4452 987 4509 Αλλ·
999 4451 1033 4508 οὔ
1046 4468 1079 4506 τι
1093 4447 1246 4524 χαίρων-

132 4534 327 4672 (1:368th
337 4533 389 4596 nel
402 4536 532 4612 γεγηθώς
553 4538 606 4594 tre.
616 4535 719 4595 deinde
726 4535 857 4611 sequitur
865 4531 1047 4592 comminatio
1057 4526 1245 4590 acerbissime

208 4626 253 4671 01»
269 4615 303 4671 l.
464 4620 501 4679 14
