3034 5217
289 231 346 297 104
602 233 745 296 NOTAE
769 228 814 292 ΙΝ
842 231 1090 292 soPHochr.

208 353 273 416 iae.
285 358 398 419 λιντος.
417 353 812 432 ατεὶεύαητοο,ἄιιραιιτος,
825 351 982 425 deoperir-
1025 354 1109 428 Angl.
1129 353 1274 432 irpinille.
1297 353 1413 414 Caete-

284 434 350 492 nim
362 439 458 508 φανεῖ
467 440 513 490 esi
527 434 622 491 Attice
638 451 691 508 pro
706 436 799 512 φανῇ.
815 441 847 490 et
872 433 961 490 lectio
985 439 1030 490 est
1053 433 1246 492 Eustathiana.
1293 435 1412 492 Eodem

284 513 370 571 modo
385 511 534 583 (indispar,
547 517 654 585 οἴομαι,
667 516 695 570 in
721 512 775 568 ade
798 513 923 586 personri
945 508 1053 583 Ιοούλει,
1077 518 1108 566 et
1132 516 1194 568 οἴει.
1215 525 1243 569 et
1261 515 1413 584 ὄπτοειαι,

283 592 408 670 ὄψομαι,
423 591 502 666 ὄψει.
543 589 602 647 Sed
616 591 683 648 vide
699 589 818 647 Porson.
835 589 871 646 nd
886 589 955 646 Eur.
973 589 1046 646 Hec.
1063 589 1156 664 praes.
1172 607 1220 664 pp.
1233 595 1272 650 iv.
1291 611 1322 648 r.

323 675 390 728 337.
416 667 518 746 Οργήν
531 667 656 745 ἐμέμψω
670 669 734 740 τήν
748 667 848 744 ἐμήν]
871 669 955 744 Angl.
974 667 1244 746 Ttouflndesifoulr
1267 671 1345 727 wirla
1371 693 1414 746 my

285 759 395 825 temper.
436 747 516 804 Nam
530 747 607 825 ὀργή
621 748 668 804 hic
683 751 724 804 ita
738 746 892 823 significat.
1202 793 1205 800 ,

324 831 391 884 341.
410 824 499 897 Ἥξει
513 826 571 902 γαρ
584 826 689 901 aere]
704 827 760 902 γαρ
775 823 905 882 refertur
919 825 954 880 ad
978 825 1088 901 aliquid
1113 825 1414 898 subauditum-Ni·

280 897 327 963 lul
342 923 414 980 opus
429 911 474 961 est
489 911 519 962 ut
535 911 647 962 taceam
662 906 699 961 de
715 905 770 976 his,
787 903 956 982 apparebunt
972 905 1025 981 [gl.
1040 903 1294 980 παραγενήσεται,
1311 925 1372 972 pas
1384 905 1414 974 η’-

282 984 382 1060 σεται]
398 984 471 1040 enda
483 985 605 1057 ultrd,-
618 983 666 1040 De
681 984 773 1046 αὐτὸς
790 985 819 1038 in
835 983 890 1040 hoc
905 999 991 1038 sensu
1007 983 1073 1040 vide
1089 983 1153 1039 Vol.
1180 983 1201 1039 l.
1225 985 1260 1040 sd
1286 1001 1318 1058 p.
1344 990 1412 1040 901.

282 1081 311 1120 n.
337 1066 364 1120 3.
405 1063 604 1119 “Observent
628 1065 746 1133 tirones,
772 1065 801 1120 in
831 1061 995 1136 hujusmodi
1020 1063 1259 1135 responsionibus
1283 1063 1411 1136 Anglice

284 1145 305 1179 “
317 1140 483 1212 reddendis,
497 1141 689 1215 supplendam
704 1157 768 1197 esse
785 1141 958 1214 particulam
973 1158 1027 1215 noy
1042 1141 1091 1196 vel
1104 1159 1158 1214 μοι.
1200 1139 1257 1197 For
1282 1149 1337 1196 aut
1364 1159 1414 1197 ex-

284 1224 404 1296 “primi
420 1226 526 1295 potest,
541 1223 590 1275 aut
611 1239 677 1289 non,
691 1222 767 1276 siout
788 1236 836 1276 res
861 1219 989 1293 postulet
1013 1225 1043 1274 ei
1065 1223 1143 1274 auris
1168 1222 1311 1293 patiatur.
1359 1219 1411 1276 llic

284 1301 414 1356 “autem
436 1299 516 1356 loeus
541 1301 583 1354 ita
607 1298 689 1354 reddi
714 1305 811 1372 potest
836 1297 917 1372 Angl.
938 1295 1024 1371 Nep.-
1046 1298 1119 1373 [yon
1142 1298 1220 1354 need
1242 1303 1295 1354 not
1321 1297 1362 1352 be
1383 1317 1412 1354 so

284 1378 304 1416 ‘⁶
316 1397 408 1454 angry
423 1383 453 1434 at
467 1395 516 1452 my
530 1377 640 1434 silence
651 1397 659 1446 ;
671 1375 738 1454 for]
754 1377 797 1433 lise
811 1387 894 1432 secret
908 1373 968 1430 wilt
974 1373 1041 1450 find
1066 1375 1101 1432 its
1124 1395 1187 1432 oren
1200 1397 1264 1452 moy
1286 1387 1317 1432 to
1333 1375 1412 1452 tigit,

284 1459 304 1493 “
317 1456 352 1514 let
366 1476 409 1513 me
423 1456 453 1514 be
469 1475 531 1512 ever
544 1475 573 1512 ro
587 1456 674 1512 silent
716 1455 748 1511 ln
764 1455 861 1511 multis
876 1455 1022 1526 exemplis
1043 1451 1133 1532 (inira
1149 1473 1197 1512 rr.
1215 1459 1307 1512 1000.
1328 1459 1412 1510 1017.

283 1538 403 1592 ιι1009.
419 1533 486 1612 tao.)
503 1534 551 1590 ubi
566 1551 605 1590 ex
620 1536 808 1608 responsione
824 1537 918 1591 oritur
931 1531 988 1588 aliu
1003 1535 1205 1607 interrogatio,
1222 1533 1339 1592 idioma
1359 1537 1414 1590 ,ln-

283 1614 422 1688 “glicum
435 1612 583 1687 postulare
600 1613 717 1669 videtur
731 1610 823 1668 ψαῦ’
846 1611 873 1668 J.
890 1611 929 1668 Τ.

323 1697 389 1748 310.
415 1691 539 1760 Οὐκοῦν,
552 1689 577 1750 οἵ
590 1693 616 1765 γ’
632 1687 761 1767 ἥξει,-]
784 1689 873 1768 Ergo,
888 1709 955 1767 ρααι
972 1688 1121 1767 manifesto
1136 1689 1243 1767 fluum
1255 1701 1337 1764 mni,
1353 1701 1378 1748 el
1392 1706 1414 1748 ιε

282 1770 353 1828 milri
364 1792 420 1849 par
433 1781 471 1828 est
485 1770 584 1828 dicere.
606 1771 732 1827 Brunca.

277 1844 288 1868 '
322 1854 389 1906 343.
409 1850 520 1926 -rrpo’s
532 1849 628 1923 ra'd',]
646 1848 807 1906 Proinde-
822 1847 921 1919 θυμοῦ
935 1848 973 1906 δι’
993 1848 1094 1922 ὀργῆς,
1108 1846 1179 1920 ἥτις
1192 1845 1312 1925 [ἐστὶν]
1334 1851 1414 1924 dyp-

282 1925 402 2001 ωτοῖτη,
417 1928 493 1986 sueni
507 1926 656 1985 iracundo'd
669 1926 851 1984 atrocisrimd.

324 2001 391 2064 315.
411 2011 486 2068 -o‘rs
502 2008 592 2083 ὀργῆς
607 2005 692 2080 ἔχειν]
707 2006 746 2079 gl.
762 2007 797 2066 ὡς
813 2001 967 2074 διοίκειμαι
981 2004 1067 2064 ἕνεκα
1082 2006 1180 2081 ὀργῆς·
1203 2006 1351 2068 olis—uir
1366 2005 1415 2062 dd-

284 2084 376 2149 νααός
391 2086 452 2159 εἰμι
468 2085 635 2161 ὀργίζεσθαι.
676 2084 863 2140 Neutraliter
877 2084 1010 2142 adhiberi
1035 2085 1094 2158 ἔχω
1118 2101 1186 2140 oum
1208 2087 1353 2158 genitivo
1373 2103 1414 2138 os-

285 2166 365 2222 tendi
381 2165 417 2222 nd
431 2165 545 2222 Comici
563 2167 679 2240 Lysistr.
699 2168 763 2220 173.
784 2162 912 2218 Brunca.
948 2163 1013 2220 Hoc
1033 2171 1078 2220 est
1100 2169 1166 2237 post
1190 2163 1356 2224 adverbia,
1369 2167 1413 2224 αἰς.

284 2241 378 2316 ὅπως,
393 2246 464 2314 πῶς,
478 2242 584 2316 οὕτως,
599 2236 641 2312 εὖ,
657 2243 767 2312 καλῶς,
782 2247 814 2298 et
827 2245 850 2299 si
866 2259 940 2316 quoe
954 2243 1070 2300 similia.
1093 2241 1181 2321 [Vide
1198 2241 1306 2316 Viger.
1329 2241 1366 2298 C.
1384 2243 1413 2296 l'.
1480 2271 1481 2336 ρ

283 2343 334 2381 vn.
346 2324 388 2399 9.]
410 2323 479 2380 Non
494 2330 566 2397 puto
580 2321 666 2379 ἱ-’νεκα
682 2337 787 2377 vocem
802 2338 867 2376 esse
884 2321 930 2376 hio
948 2321 1150 2395 supplendam,
1162 2323 1274 2394 qnippe
1289 2325 1414 2395 quaein
1481 2361 1482 2408 ,

283 2404 338 2460 tali
354 2403 501 2459 locutione
517 2407 828 2475 nunqnnmappnrent.
870 2399 1004 2473 Syntsxis
1020 2405 1114 2474 potius
1130 2397 1235 2464 eadem
1263 2409 1313 2456 est
1342 2418 1409 2456 sc-
1481 2411 1482 2414 ’

283 2482 325 2544 εἰς
341 2477 405 2538 τόδ’
418 2479 637 2556 donperre-noi
647 2479 793 2551 prin-W
806 2473 838 2535 εἶ
851 2479 1075 2553 aurosi.—Angl.
1090 2489 1118 2536 to
1133 2477 1184 2534 rtis
1195 2477 1277 2554 piiolr
1288 2478 1333 2556 of
1341 2479 1416 2555 diffi-
1482 2453 1483 2508 l

284 2560 510 2636 sully-tondat
522 2559 602 2635 ploce
616 2556 651 2634 os
660 2558 703 2614 the
717 2555 978 2614 cartul-innius
1000 2577 1019 2613 u
1041 2567 1110 2616 sinte
1127 2555 1164 2632 os
1179 2557 1235 2612 evit
1258 2577 1318 2632 you
1347 2567 1412 2614 are!
1483 2545 1484 2598 l

284 2639 323 2696 Su
337 2641 372 2700 ὡς
388 2638 480 2714 ὁρμῆς
495 2635 782 2712 ἔχα-οοιιοὶιῑενίαρ
796 2635 839 2691 ilie
853 2633 948 2712 degree
964 2633 998 2712 os
1005 2636 1119 2712 passion
1141 2635 1171 2690 εἰν
1185 2633 1278 2690 nehiel
1303 2635 1325 2692 1
1349 2646 1413 2694 nen!

283 2717 340 2776 Vel
355 2715 578 2774 brevids-snclr
591 2715 616 2772 is
630 2736 674 2792 my
691 2723 800 2792 present
825 2720 932 2791 unger!
958 2712 1044 2786 Τόδε,
1068 2718 1129 2787 reos,
1142 2721 1173 2768 et
1193 2713 1243 2771 ἵνα
1269 2720 1413 2789 tanquam

284 2798 401 2858 nomina
416 2796 522 2854 haberi
537 2800 663 2870 possunt.
678 2793 706 2850 J.
718 2793 757 2850 T.
774 2791 877 2871 (ὀργῆς
894 2792 966 2850 mihi
976 2793 1156 2850 videturnon
1166 2793 1248 2853 abeis
1261 2797 1351 2867 regi,
1366 2795 1415 2850 sed

286 2875 322 2931 ab
335 2872 432 2948 οὐδὲν,
446 2874 529 2951 μέρος
544 2873 758 2930 subintellecto.
786 2868 871 2928 Cons.
886 2871 996 2928 Herod.
1013 2872 1033 2928 1.
1049 2877 1112 2930 114.
1128 2873 1143 2927 d
1157 2869 1190 2928 δὲ
1206 2870 1415 2948 Αρεεμθάρνς

283 2956 369 3033 ὁρμῇ,
384 2956 419 3016 ὡς
434 2947 507 3028 εἶχε.
527 2952 563 3009 G.
578 2949 631 3031 D.)
646 2949 762 3008 ''Adrv.
778 2968 840 3025 reg.
856 2967 923 3025 gen.
938 2968 1005 3007 cum
1019 2951 1088 3024 ἔχω,
1103 2951 1152 3006 vel
1169 2967 1314 3006 seorsum.
1346 2949 1379 3006 Ρ.

324 3037 391 3091 316.
411 3036 510 3088 -ἵσθι
532 3034 588 3106 γάρ
611 3032 707 3087 δοκῶν
725 3027 842 3104 ἐμοὶ-]
864 3028 1049 3086 Constructio
1068 3036 1165 3104 potest
1188 3029 1331 3103 suppleri
1362 3029 1417 3086 hor

284 3112 385 3172 modo:
407 3111 604 3168 ἴσθι-δοκῶν
618 3105 869 3185 ἐμοὶ-εἰργάσθαι
891 3127 925 3165 τε
951 3107 1047 3186 [κοντοὶ
1070 3111 1209 3165 τοσοῦτον
1233 3107 1316 3182 καθ’]
1346 3103 1418 3165 ὅσον

284 3189 361 3271 [τις]
376 3189 421 3262 μή
435 3187 517 3265 χερσὶ
533 3187 645 3246 καίνων
660 3188 804 3265 [δύναται
821 3184 952 3259 λέγεσθαι
967 3185 1117 3262 εἰργάσθαι
1133 3185 1243 3261 τοῦτο]
1266 3185 1365 3244 Idem.

324 3274 391 3328 350.
414 3267 564 3343 Αλαθεκ]
585 3267 624 3342 gl.
639 3264 802 3342 είρωνιιιόν.
839 3265 915 3322 Itone
929 3266 1019 3322 oerd?
1039 3265 1166 3322 Brunca.

210 3351 276 3409 124.
327 3352 394 3405 355.
413 3346 510 3404 -καί
521 3345 628 3420 noo—J
651 3345 699 3402 Sic
714 3345 908 3402 scribendum.
950 3344 1126 3402 Enoliticum
1143 3345 1190 3402 hio
1206 3351 1250 3400 est
1264 3361 1339 3418 που,
1358 3363 1416 3402 non

284 3427 456 3486 adverbium
472 3427 530 3482 loci
545 3446 605 3502 qao,
621 3431 652 3481 ut
666 3422 740 3480 mule
756 3428 847 3481 vertit
861 3422 1000 3482 Johnson.
1022 3422 1105 3480 Idan.

321 3510 388 3563 360.
410 3503 472 3576 -ii
486 3505 610 3579 ’κπειρρῖ
624 3501 720 3575 λέγειν
729 3502 755 3578 ,·]
778 3499 873 3574 λόγων
888 3512 932 3559 est
948 3504 1036 3560 lectio
1052 3501 1248 3574 Brunokiana,
1263 3519 1322 3576 pro
1352 3505 1418 3560 vul-

280 3588 348 3662 gati
364 3583 469 3658 λέγειν.
485 3595 533 3642 aot
546 3585 728 3638 sermooimne
740 3601 830 3638 meum
845 3581 958 3638 tentos?
978 3583 996 3637 i.
1018 3600 1044 3638 e.
1069 3582 1238 3659 experirirne
1252 3601 1292 3637 nn
1307 3583 1417 3638 isernien

282 3664 375 3723 eodem
389 3663 442 3720 tibi
455 3662 508 3720 rim
526 3661 673 3718 dicturus?
693 3659 723 3716 N
727 3660 802 3716 ullus
816 3668 914 3718 tamen
930 3660 1042 3718 dubitat
1061 3661 1237 3730 Brunekius,
1257 3664 1330 3734 quin
1363 3663 1417 3716 So·

280 3743 403 3818 phooles
414 3743 578 3816 scripserit:
601 3737 677 3812 Οὐχί
688 3741 842 3810 ξυνῆκας,1
857 3740 930 3814 πρὸς
943 3737 1014 3810 τίμ’
1027 3740 1154 3814 &anemii
1165 3736 1280 3805 nulri·‚·
1298 3739 1414 3795 Forsan

283 3827 382 3880 tamen
397 3823 517 3895 vulgata
531 3826 576 3875 est
590 3836 663 3876 vero
678 3818 789 3875 lectio:
810 3837 848 3874 αν
863 3827 1006 3876 tentoriae
1028 3818 1101 3895 loqui
1118 3815 1263 3874 ulterius?
1285 3815 1415 3892 ’Ἱέρων

284 3897 418 3977 praefert
432 3898 537 3954 Bothe.
559 3895 665 3970 λέγειν,
682 3894 808 3952 Erfurdt.
832 3896 862 3952 P.

321 3981 388 4035 361.
414 3977 477 4049 0οχ
491 3975 567 4033 ὥστε
582 3977 607 4048 γ’
621 3975 717 4032 εἰπεῖν
732 3971 892 4050 γνωστόν]
924 3976 966 4032 Ad
988 3979 1119 4049 priorem
1141 3981 1257 4049 partem
1280 3978 1416 4032 interro-

281 4059 407 4135 gationis
433 4053 591 4128 respondet
618 4051 759 4126 Oedipus,
785 4049 853 4125 ooli
877 4055 1034 4124 ξυνῆκας,
1053 4055 1171 4112 scilicet
1195 4057 1313 4126 ξινῆκα
1336 4053 1415 4128 μὲν,

278 4137 349 4196 αλλ’
362 4135 417 4209 οὐχ
431 4131 541 4204 οὕτως,
554 4131 631 4189 ὥστε
645 4131 741 4188 εἰπεῖν
756 4129 947 4206 ἐγνωσμένον,
963 4128 1038 4210 ὅπερ
1058 4136 1185 4204 ξυνῆκα.
1207 4131 1336 4188 Barnea.

320 4216 388 4272 362.
414 4210 509 4270 Φονέα
523 4222 554 4267 σε
568 4207 646 4282 φημὶ
662 4211 804 4286 rdrdpdr,
819 4207 853 4269 οὗ
870 4213 966 4283 ζητεῖς
985 4210 1107 4288 κυρεῖν]
1127 4203 1161 4268 οὗ
1185 4211 1343 4268 relativum
1363 4231 1416 4270 re·

280 4292 377 4352 fertur
391 4292 427 4349 ad
442 4294 517 4346 ante·
530 4289 620 4346 edens
634 4287 733 4360 φονέα,
748 4308 805 4346 nou
821 4291 857 4348 ad
869 4293 987 4367 a'rdpdr,
1002 4301 1033 4348 et
1048 4293 1162 4365 regitur
1186 4293 1216 4346 in
1236 4294 1378 4364 genitivo
1397 4294 1413 4350 :i

282 4373 390 4449 κυρεῖν.
430 4368 488 4426 Vel
500 4365 630 4441 forsitan,
641 4374 673 4423 ul
683 4375 767 4441 putat
781 4369 819 4426 T.
837 4369 952 4445 Young,
963 4387 1020 4426 non
1032 4373 1124 4426 minus
1134 4369 1215 4425 recte
1227 4371 1413 4442 interpreta-

281 4454 324 4510 lio
334 4450 475 4527 vulgaris,
483 4450 530 4507 nio
539 4458 563 4506 te
572 4445 775 4526 interfectorem
784 4467 837 4514 ναι
846 4451 901 4525 pru
911 4449 980 4524 oiri,
990 4450 1065 4527 οερίν
1075 4445 1275 4526 interfectorem
1285 4449 1412 4526 ροαεήν.
