3034 5217
533 1182 899 1265 LECTORI
948 1185 993 1265 S·

201 1430 313 1510 ΤΙΒΙ
328 1432 495 1510 inmauus
509 1432 600 1509 hauc
614 1434 788 1525 Quintam
805 1418 1014 1513 Editionem
1025 1437 1107 1515 vol.
1125 1438 1205 1517 Sec.
1220 1439 1310 1515 Cou-

150 1586 251 1636 mcr.
268 1559 406 1637 Gamo.
425 1560 518 1637 Mur.
537 1562 692 1653 tradens,
704 1562 790 1638 nihil
806 1564 887 1641 fere
901 1564 1022 1639 habeo
1036 1565 1083 1639 de
1097 1592 1169 1667 quo
1187 1579 1224 1642 te
1239 1596 1312 1643 mo·

150 1686 267 1765 nitum
279 1714 357 1762 esce
371 1686 489 1765 velim.
540 1687 726 1763 Tantuest
745 1689 850 1793 hujus
867 1692 986 1797 operis
1004 1692 1050 1767 ad
1067 1694 1312 1796 promovenda

7 1788 9 1929 ἶ
151 1814 270 1891 studia
287 1812 510 1889 Graecarum
527 1811 734 1891 Literurum
750 1816 895 1908 utilitas,
912 1830 950 1891 et
968 1831 1044 1892 tam
1060 1818 1133 1892 lato
1154 1846 1197 1892 ac
1218 1819 1312 1893 beu&

7 1994 9 2049 3
152 1954 249 2033 nota,
262 1954 301 2016 ut
319 1969 400 2018 mea
410 1969 526 2043 neque
541 1942 734 2017 auctoritas
745 1968 863 2043 neque
877 1942 1063 2017 solicitudo
1077 1943 1155 2046 pluo
1168 1944 1313 2019 valeant

7 2050 9 2089 ss
153 2096 263 2173 quam
279 2096 408 2146 nomen
425 2070 502 2172 ejus
519 2068 642 2143 solum.
693 2067 828 2143 Curam
843 2066 948 2171 hujus
965 2067 1138 2143 Editionis
1156 2081 1195 2143 ut
1208 2070 1315 2144 susci-

63 2198 71 2209 ’
155 2224 292 2301 pereni,
318 2210 357 2273 ot
381 2195 564 2288 beneficio,
589 2223 682 2299 quae
709 2196 793 2271 olim
812 2196 857 2270 ab
883 2195 1043 2270 Auctore
1063 2196 1098 2271 iu
1118 2224 1176 2271 me
1194 2224 1314 2271 cumu-

154 2323 227 2399 lata
257 2335 388 2421 eruent,
413 2334 452 2397 ct
475 2319 641 2397 instantia
664 2320 900 2413 librariorum,
923 2348 1075 2423 quorum
1094 2321 1244 2396 maximo
1264 2322 1314 2396 iu·

155 2462 270 2525 torest
296 2477 341 2525 ue
353 2447 471 2540 iiber,
497 2448 542 2523 ad
561 2446 766 2524 muniendas
782 2449 857 2524 rias
876 2448 1008 2525 Graec.
1026 2448 1098 2525 Lit.
1116 2476 1316 2523 accommo-

153 2576 269 2667 datus,
295 2576 330 2651 in
354 2577 473 2652 lucem
498 2592 637 2653 scatens
665 2576 847 2653 erroribus
868 2576 1084 2678 maculisque
1106 2576 1231 2679 plenus
1253 2603 1316 2650 un-

153 2730 262 2805 quom
279 2700 446 2805 prodeat,
462 2700 669 2779 effecerunt.
720 2701 781 2777 Tu
798 2702 904 2805 igitur
922 2701 1013 2776 hauc
1031 2700 1165 2804 accipe,
1182 2699 1316 2804 aliqua·

155 2836 268 2921 tenus,
284 2844 325 2905 ut
342 2857 460 2933 spero,
477 2830 721 2934 purgatiorem
737 2818 853 2933 quam*
871 2829 1042 2934 priorem,
1064 2840 1103 2902 et
1130 2826 1247 2903 studio
1265 2826 1316 2901 illi

153 2956 344 3061 diiigenter
356 2959 533 3064 impendo.

1074 3079 1122 3158 G.
1148 3077 1312 3157 Duum.

200 3206 279 3284 Scr.
300 3206 513 3301 Eoruuuucr,
529 3207 611 3287 Kal.
628 3207 708 3286 Jrur.
730 3202 1011 3287 Mucccxvl.
