3034 5217
925 205 936 234 .

332 295 632 356 ·-noum1n
652 295 898 356 monocerus.
1093 269 1096 276 ’
1164 299 1220 358 ιιι
1297 348 1302 357 .

146 417 230 474 1456.
249 413 394 490 -ξῶντι]
416 417 466 477 Sic
479 417 554 482 bend
572 417 708 493 'Ponpins
721 421 791 479 Cur.
804 437 874 476 nov.
889 423 918 476 in
933 402 1009 476 suti.
1025 435 1053 492 p.
1072 419 1135 476 tos.
1154 421 1297 478 1441511.

106 496 185 554 Libri
199 511 299 552 omues
313 495 450 551 mendose
466 499 566 568 ζῶντε.
586 496 714 558 Baoncr.
748 497 869 570 ἐθέσθην
891 499 981 570 ζῶντι
998 495 1096 574 κύριον
1110 495 1220 570 τάφον,

102 575 247 654 proprium
260 573 431 652 ιεροὶοέιιννι
442 576 515 632 mitt
531 576 639 634 uiuenti
662 563 878 638 mmlltuendum
906 577 1047 648 curdmnt,
1067 577 1117 636 ἵνα
1131 572 1221 634 θένω

105 657 137 726 ἐξ
151 651 281 725 ἐκείνων,
295 652 521 725 οἳοῖιιονλλύτην
535 674 582 728 με,
596 669 626 713 ut
649 659 758 716 morior
779 656 814 714 ab
838 654 906 728 illis,
929 654 976 732 qui
996 673 1038 710 nee
1060 654 1221 732 perdebant,

107 737 127 789 i.
142 750 168 788 e.
183 731 230 808 qui
242 738 336 790 necem
348 753 439 790 meam
450 733 640 791 moliebantur.
682 736 760 794 Nam
776 753 812 792 en
827 741 871 790 est
889 735 934 791 vis
949 735 1090 807 temporis
1105 731 1220 808 imperi.

105 816 127 848 ‘⁶
138 810 249 868 Nescio
263 830 299 868 an
314 818 404 887 temp.
416 810 584 888 imperfecti
593 813 691 872 solius.
733 814 822 892 [Vide
837 811 980 887 Bruuck]
1008 809 1111 868 anclr.
1127 811 1222 870 Phoe·

106 893 198 948 “niss.
215 891 318 968 [1406‚
334 891 383 950 ubi
399 891 466 948 vide
480 890 571 966 pluo]
606 893 711 964 Quivis
725 893 891 968 Scriptores
916 893 1028 966 antiqui
1051 891 1223 956 conantibus

107 973 127 1006 “
138 967 276 1026 effectum
289 969 450 1027 tribuunt.”
473 969 590 1028 Canini.
605 971 694 1029 dnm.

148 1051 230 1108 1456.
249 1053 323 1107 -od
335 1050 392 1125 γνὶρ
413 1048 453 1106 οἷν
477 1049 605 1125 mne—1
630 1049 777 1122 Θνήσκων
791 1050 846 1128 γνίρ
858 1045 911 1118 οἲν,
927 1043 1027 1123 ἤγουν,
1040 1048 1069 1106 εἰ
1081 1047 1224 1121 ἔθνησκον

106 1129 174 1205 γοῐρς
194 1128 227 1184 ml
249 1126 368 1199 udonus
379 1125 430 1192 clv,
444 1127 621 1202 ἐφνλοίγθην
634 1128 688 1187 ent
698 1145 762 1186 τινι
777 1126 1003 1200 castronovo
1017 1130 1123 1199 κακῷ..
1134 1127 1223 1184 Sciol.

107 1208 180 1265 Mihi
195 1207 243 1264 hic
271 1207 389 1264 videtur
412 1212 500 1281 poeta
523 1209 561 1264 nd
582 1225 732 1272 rumorem
756 1203 886 1282 aliquem
910 1207 1042 1278 alludere
1068 1206 1104 1263 de
1127 1211 1223 1264 morte

108 1285 214 1360 Oedipi
229 1286 315 1344 modo
330 1285 564 1344 extraordinario
574 1288 728 1358 eventurn,
738 1293 805 1364 post
820 1289 908 1360 ipsius
922 1303 1071 1343 secessum
1086 1289 1114 1344 in
1124 1285 1224 1342 Furia·

108 1383 173 1422 rum
199 1383 319 1421 nemus:
354 1381 440 1441 quom
468 1365 586 1440 quidem
610 1383 675 1423 rem
700 1363 862 1440 Sophocles
880 1359 1094 1440 'argumentum
1119 1369 1224 1440 postea

108 1445 215 1520 selegit
238 1445 378 1518 postremi
402 1444 490 1516 iilius,
513 1443 566 1501 sed
585 1462 643 1502 non
666 1444 859 1501 admiratione
882 1443 1082 1519 indignissimi,
1104 1459 1224 1502 suorum

109 1523 278 1580 dramatum.
314 1521 857 1614 [1144014114δεοεο1.ο.ν11,22.]
898 1521 1017 1580 Minime
1041 1522 1088 1579 hic
1103 1539 1225 1596 reprae·
1285 1570 1291 1587 ,

108 1607 238 1658 sentntur
251 1600 381 1675 Oedipus
396 1606 531 1675 tanquam
546 1600 661 1658 omnino
674 1619 782 1677 gnarus
796 1599 885 1658 futuri
895 1603 939 1658 sui
952 1599 1021 1660 lati:
1042 1599 1236 1676 consequens¹

110 1677 228 1751 tolutim,
243 1679 319 1755 qnod
332 1680 386 1736 sibi
400 1679 558 1745 uidebatur
571 1681 733 1738 verisimile
748 1697 787 1738 ex
808 1680 894 1736 rebus
908 1679 1032 1738 maxims
1048 1683 1225 1754 portentosis

110 1764 262 1816 anteactae
279 1761 369 1831 vitoe,
384 1758 503 1815 deducit
513 1756 708 1830 3-nimirdm‚
723 1762 858 1834 quoniam
878 1775 936 1816 noo
956 1761 1084 1832 vixerat,
1105 1761 1145 1816 ita
1168 1775 1226 1816 neo

109 1839 283 1895 moriturum
305 1854 382 1909 esse,
411 1837 653 1912 quemadmodum
675 1841 791 1896 caeteri
817 1838 965 1894 modales.
1008 1838 1114 1894 Sensus
1137 1840 1226 1894 totius

110 1916 170 1973 ioci
183 1915 200 1972 i
214 1934 240 1974 ν.
261 1919 345 1972 1461.
361 1919 400 1972 ita
414 1921 512 1991 potest
526 1919 654 1991 exprimi
670 1917 754 1991 Angi.
770 1916 858 1973 dllom
871 1935 914 1972 me
928 1925 955 1974 to
969 1914 1051 1973 dmeli
1063 1935 1099 1973 on
1108 1935 1154 1994 my
1164 1935 1227 1975 omn

113 1993 261 2051 Cithaeron
270 2014 366 2070 ‚·-mp
372 1993 472 2072 fotlser
481 1995 538 2052 aad
551 1996 655 2061 mollier
669 1995 799 2072 designed
812 1995 834 2052 lt
850 2005 877 2052 lo
892 1994 922 2050 be
942 2014 988 2072 my
1003 1995 1094 2073 living
1107 1994 1228 2052 10114.-
1325 2033 1330 2051 .

110 2071 178 2130 Yes.
198 2073 287 2130 tillon
300 2093 343 2128 nne
356 2085 384 2130 to
397 2073 506 2132 intulit
520 2073 746 2147 tinnimentum,
762 2071 850 2132 tlrntl
861 2093 925 2150 moy
938 2085 968 2130 at
983 2073 1074 2151 length
1088 2073 1155 2150 find
1169 2075 1227 2146 tlspt

110 2151 266 2228 dissolution
278 2151 369 2210 solid»
381 2152 443 2229 ὕνιν
463 2152 592 2212 intended
606 2151 661 2231 for
682 2172 734 2210 me.
776 2151 921 2222 Ηοινονιν,
944 2152 1063 2210 misellum
1087 2151 1104 2208 1
1123 2151 1168 2208 die
1192 2174 1228 2212 on

111 2230 261 2288 Cithaeron
275 2249 307 2287 or
320 2241 377 2303 not,
402 2251 452 2288 one
474 2232 600 2310 tlsingis
624 2231 740 2305 certain,
764 2231 820 2290 ttae
845 2231 950 2288 neitluer
971 2231 1076 2290 dinem
1099 2249 1151 2287 nor
1172 2251 1227 2311 any

110 2329 233 2366 carmon
246 2327 324 2367 cause
345 2309 407 2367 mill
430 2309 536 2388 destruo
557 2329 620 2380 νιι,·
631 2309 687 2389 sor
706 2309 795 2388 surely
818 2309 835 2366 l
855 2309 950 2366 should
971 2329 1053 2367 never
1076 2311 1145 2368 lunc
1165 2311 1229 2368 tlten
1306 2351 1309 2358 -

109 2387 175 2445 been
187 2388 315 2447 nmeted
320 2389 402 2467 from
415 2389 480 2446 sucis
493 2387 637 2448 imoninent
651 2388 742 2462 dent,
764 2387 820 2447 lunt
842 2387 858 2444 1
876 2398 922 2446 not
947 2387 1013 2446 boen
1032 2387 1158 2450 ruerunt
1173 2387 1228 2468 sor

108 2488 181 2526 εονιι
193 2468 287 2545 signal
299 2466 417 2527 dunsten
430 2479 458 2525 at
474 2469 533 2526 luet.
575 2468 639 2526 isc.
658 2467 752 2525 Tana.
964 2471 976 2494 ⁶

153 2543 414 2623 1458.-1’νιηιιερ
440 2541 516 2624 elo',]
537 2549 618 2622 Lege
647 2543 774 2625 ὅιιῃιιερ,
798 2552 831 2604 ut
855 2544 999 2604 Porsonus
1019 2550 1139 2604 monuit.
1176 2547 1227 2608 Sic

108 2625 258 2699 ἐμποδῶν,
292 2627 369 2702 quod
397 2634 442 2684 est
469 2628 501 2684 ἐν
529 2630 641 2685 ποδοῖν.
672 2627 735 2683 luc.
760 2625 855 2682 Turn.
877 2644 981 2721 quocun
1058 2624 1120 2700 ibn,
1145 2627 1228 2762 Aegl.

109 2704 319 2762 noiitlersoeuer
341 2705 365 2762 it
387 2705 455 2762 mill.
496 2706 571 2764 Vide
586 2706 675 2782 supro
689 2706 726 2764 ad
740 2724 769 2763 v.
783 2709 851 2764 431.
872 2701 971 2778 ’ὅπῃ
1010 2719 1104 2761 oreon.
1126 2704 1188 2762 Eur
1200 2723 1228 2780 p.

109 2783 164 2840 Ed.
180 2783 257 2859 Lips,
274 2785 348 2842 Vide
364 2785 502 2842 indicem.
525 2785 556 2842 P.
791 2799 799 2820 ¹

154 2867 237 2920 1463.
259 2859 320 2923 Alo
334 2863 369 2920 mi
383 2867 446 2922 ποθ’
461 2866 481 2934 ἡ
494 2864 600 2940 ’μὴ-]
616 2863 698 2920 Ordo
712 2867 775 2918 est=
796 2855 848 2918 αϊν
864 2860 957 2932 diod
982 2857 1116 2936 τροῖιιεζα
1141 2859 1229 2939 {lupulo

107 2941 144 2998 οὔ
157 2945 223 2998 ποτ’
237 2943 347 3013 ἐστάθη
362 2940 451 3018 χωρὶς
464 2942 538 3000 ἄνευ
551 2945 633 2999 τοῦδ’
648 2942 770 3017 ἀνδρὸς,
785 2939 819 3018 [1.
835 2957 862 2996 e.
876 2939 956 3012 ἐμοῦ.
997 2937 1073 2996 Vide
1091 2938 1178 3012 sopri
1194 2939 1230 2996 ad

108 3039 139 3078 ν.
156 3020 241 3097 534]
263 3022 357 3100 periboea
371 3041 462 3077 menon
475 3042 538 3078 rnen
551 3041 691 3098 nunquam
704 3017 901 3097 appositaflsit
916 3017 1034 3076 ιιοννιὶνι
1048 3017 1067 3074 ἀ
1080 3037 1131 3074 nte.

154 3105 239 3158 1466.
264 3101 342 3158 Ταῖν
355 3117 404 3172 μοι
418 3098 580 3176 μέλεσθαι]
602 3101 651 3158 Sic
666 3097 741 3156 bene
754 3101 897 3172 scriptum
911 3099 938 3154 in
954 3097 1018 3154 cod.
1041 3095 1114 3172 Reg.
1137 3093 1230 3154 chart.

107 3178 215 3236 Glossa
229 3179 356 3238 τούτων.
388 3179 477 3248 Aldus
491 3185 522 3236 et
544 3180 651 3254 reliqui
670 3177 753 3234 codd.
779 3175 915 3235 mendose
938 3170 999 3234 οιῖν.
1041 3175 1116 3234 Vide
1143 3176 1232 3250 supro
1277 3221 1279 3226 .

109 3259 150 3316 ad
167 3263 250 3316 1082
272 3259 400 3316 Bnunen.
442 3258 547 3316 Sedet
565 3261 638 3315 ταῖν
660 3259 716 3331 pro
737 3250 790 3314 οἷν
816 3255 864 3314 hic
886 3255 1044 3332 legendum
1065 3253 1145 3312 felici
1165 3272 1233 3312 con·

104 3337 228 3412 jectumi
252 3335 431 3413 jampridem
459 3339 645 3414 proposuisse
669 3335 865 3394 doctissimum
890 3333 1078 3412 Burgessium
1103 3336 1232 3392 invenio.

107 3415 272 3474 Caeterdm
284 3417 550 3492 pellendaeregitnr
564 3417 600 3474 ab
617 3415 683 3494 ὅρα,
706 3415 756 3472 vel
782 3415 832 3472 isli
855 3414 952 3489 aliquo
976 3411 1147 3486 subandilop
1168 3415 1233 3471 sive

106 3502 168 3567 est,
184 3502 216 3552 ut
230 3496 388 3571 loquuntur
401 3495 603 3569 Grammatici‚
619 3494 697 3556 infin.
712 3512 767 3568 pro
782 3496 966 3576 imperativo.

91 3603 101 3617 ·
154 3577 239 3632 1412.
264 3575 368 3646 01οή
388 3572 469 3640 κλύοι
489 3573 568 3650 nom]
589 3572 766 3634 αἰσθάνεται
787 3573 847 3628 τῶν
871 3567 1048 3644 θυγατέρων
1073 3570 1233 3646 nnpmooiv.
1247 3572 1312 3628 160.

106 3657 178 3710 τοῖν
192 3673 241 3724 μοι
261 3653 361 3726 pelosa
385 3653 654 3730 δακρυρροούντοιν,
673 3648 749 3711 duel
773 3651 837 3722 τοῦ,
860 3649 922 3720 τῶν
945 3648 1024 3720 ἐμῶν
1047 3645 1233 3723 θυγατέρων·

104 3732 178 3790 δέον
192 3731 225 3790 di
239 3734 336 3791 είιιεῖν
349 3730 603 3809 ὃνκρνρροούσαιν,
612 3730 773 3810 ἀρσενικῶς
784 3725 951 3800 ἐξήνεγκεν.
972 3724 1080 3782 ἔστιδὲ
1095 3725 1235 3786 Aeeten

106 3829 209 3888 τερον,
226 3815 264 3874 oie
279 3814 326 3884 nd,
343 3811 387 3884 μοὶ
413 3812 458 3870 τώ
480 3811 552 3883 θεώ,
568 3809 619 3869 καί
644 3810 689 3868 τώ
713 3807 801 3884 γεῖρε.
837 3805 880 3862 itu
905 3803 1093 3862 Scholiastes.
1127 3802 1236 3862 ¹Potest

106 3891 161 3948 hic
182 3898 282 3948 antem
300 3891 482 3966 subintelligi
505 3888 634 3946 τέκνοιν.
664 3893 683 3926 ‘⁸
695 3890 762 3943 τοῖν
786 3883 886 3956 φίλοιν
908 3891 1014 3942 neutro
1039 3898 1151 3958 genere
1177 3882 1235 3941 dici

106 3973 129 4008 ‘⁴
143 3970 274 4042 videtur,
288 3975 331 4042 ut,
346 3970 431 4028 verbi
446 3973 543 4040 causi,
557 3969 689 4042 Oedipus
703 3966 755 4024 ilie
778 3963 935 4036 Coloneus,
949 3980 977 4020 ν.
996 3966 1080 4020 1110.
1096 3961 1149 4018 has
1159 3963 1236 4036 ipsas

105 4053 128 4086 “
143 4049 220 4108 filias
248 4049 291 4106 ool
317 4046 454 4119 plicare
483 4054 579 4111 vocet.
621 4045 696 4103 Vide
725 4045 812 4119 plura
840 4041 918 4118 opud
945 4041 1048 4100 Valck.
1078 4039 1191 4100 Phoen.
1204 4057 1235 4116 p.

105 4131 128 4166 “
144 4132 212 4186 162.
226 4126 276 4184 b.”
312 4127 430 4185 Caninio.
444 4127 533 4184 dnon.
554 4123 618 4184 ''Et
632 4125 681 4184 htc
695 4143 723 4182 v.
742 4127 825 4182 1414.
847 4119 879 4179 P.

154 4211 242 4265 1415.
263 4206 351 4282 Λέγω
365 4227 398 4264 τι
409 4207 434 4283 3]
456 4206 540 4280 Angl.
560 4207 614 4263 dm
628 4203 687 4260 lin
702 4203 745 4260 tlte
760 4201 859 4280 right?
878 4200 995 4275 Λέγεις,
1018 4197 1075 4256 Υον
1088 4217 1145 4258 ονε.

156 4291 243 4344 1411.
263 4285 328 4358 -νῖ
342 4287 367 4343 d
379 4279 594 4364 sollemnitas]
609 4283 812 4358 Sicscripturn
822 4283 938 4356 reperit
948 4279 1113 4338 Brunckiue
1128 4279 1157 4334 in
1168 4277 1238 4336 duo-

106 4369 168 4425 bus
182 4364 266 4422 MSS.
307 4366 365 4424 Vul
406 4372 435 4422 tn
450 4365 538 4424 lectio
553 4372 608 4435 est,
624 4358 661 4436 ἧι
677 4355 768 4435 εἶχες,
784 4378 869 4436 quem
893 4359 1014 4436 probam
1039 4361 1142 4416 censet
1165 4355 1239 4414 Bur·

105 4447 240 4580 gessgiqsq
254 4443 368 4585 sqbinpe
383 4445 472 4520 lecto,
486 4463 545 4502 nou
558 4443 621 4515 ord,
633 4447 665 4500 ut
679 4440 835 4510 Boethius,
854 4439 906 4496 sed
930 4439 969 4509 ἐξ.
1010 4437 1042 4496 in
1066 4433 1237 4510 quibuntm

105 4541 173 4584 scri
217 4540 335 4596 νοηνε
350 4543 411 4599 χες.

163 4601 240 4688 ch„
255 4604 291 4664 ii.
458 4618 464 4629 ”
485 4603 521 4662 lt
