3034 5217
320 385 357 434 54
655 371 798 433 NOTAE
818 371 863 430 ΙΝ
885 370 1102 431 HESIODUM.

257 499 305 556 ss'l.
317 506 341 554 et
356 495 426 553 Dies
438 493 528 570 rulgd
541 499 680 570 putantur
689 497 816 569 primam
827 491 994 551 exhibuisse
1006 491 1257 552 adumbrationem
1272 491 1338 570 ejus
1350 511 1439 570 geos·

316 578 358 634 ris
371 577 524 651 poematis,
538 574 614 649 quod
628 591 681 630 nos
695 571 782 630 hodie
797 589 995 648 nuncupamus
1013 570 1205 640 donuinam
1225 571 1310 648 cujtrs
1325 571 1441 650 perfec·

316 658 428 712 tionem
442 651 575 710 ridemus
590 655 620 710 iu
633 655 763 710 carmine
781 651 832 710 illo
839 649 937 730 faceto
957 655 989 707 et
1009 649 1297 726 mollq-Georgicis
1321 651 1440 728 elegan-

315 734 419 790 tissimi
433 730 561 806 Virgilii.
602 729 706 806 Negat
718 736 818 788 autem
832 731 1097 806 praestantissimus
1112 729 1246 806 Heynius
1265 727 1386 786 Hesiodi
1410 730 1440 788 sle

314 829 395 889 opere
422 809 524 866 mastico
549 826 669 866 carmen
698 808 714 866 a
738 807 866 884 Virgilio
895 809 1055 866 imitatione
1081 825 1146 865 esse
1176 825 1372 884 expressum
1393 813 1438 866 cni

315 889 445 965 opinioni
473 891 538 963 ipse
567 887 708 963 Virgilius
732 903 831 944 ansam
851 886 965 944 dedisse
988 885 1117 961 ridetur,
1141 885 1210 944 dum
1233 903 1266 943 se
1289 887 1440 945 deornm

314 985 425 1024 cannen
447 967 577 1024 Romana
598 982 655 1040 per
679 965 789 1042 oppida
810 983 920 1022 canere
946 967 994 1022 ait.
1017 963 1140 1044 [Georg.
1171 967 1203 1037 ii,
1235 963 1316 1042 lid]
1352 965 1439 1024 “Vix

312 1049 333 1082 ‘⁶
345 1044 456 1118 euim,”
470 1052 503 1101 ut
517 1042 642 1101 affirmat
656 1045 734 1102 idem
748 1047 797 1102 vir
811 1047 962 1120 egreglus,
977 1047 996 1082 “
1009 1045 1037 1100 in
1053 1044 1145 1102 tribus
1160 1049 1211 1101 eut
1225 1049 1353 1118 quatuor
1367 1045 1439 1102 locis

311 1127 333 1160 “
343 1123 512 1200 Georgicon
534 1122 701 1182 Hesiodeae
719 1125 884 1182 sententiae
905 1127 970 1180 sunt
984 1121 1324 1198 expressae—-Quod
1340 1129 1439 1180 nutem

312 1203 502 1262 “Ascraeum
516 1219 637 1259 carmen
651 1201 783 1278 appellat
797 1219 880 1258 suum
896 1217 969 1275 opus
982 1199 1137 1278 Virgilius,
1163 1201 1191 1258 id
1214 1198 1251 1258 ed
1272 1203 1438 1275 pertinet,'⁴

313 1281 419 1340 eodem
445 1281 563 1356 Heynio
575 1279 688 1354 judice,
711 1277 818 1356 “qudd
842 1282 871 1338 in
895 1275 1062 1338 simililer&
1083 1296 1196 1358 genere
1216 1289 1365 1352 versetur,
1382 1300 1438 1338 non

312 1363 332 1397 “
344 1358 420 1436 quod
433 1377 473 1418 ex
489 1359 639 1417 Hesiodeo
653 1362 780 1434 petitum
795 1364 846 1416 aut
859 1363 1069 1434 manscriptum
1091 1365 1141 1416 aut
1165 1359 1202 1416 ad
1223 1357 1289 1433 ejus
1312 1357 1440 1416 sormam

311 1441 389 1496 “est
402 1436 626 1512 compositum.'’
668 1436 818 1515 [Prooem.
841 1440 872 1494 in
894 1434 984 1496 Geor.
1009 1437 1062 1494 sub
1087 1437 1134 1496 lin.
1160 1438 1208 1494 ubi
1233 1437 1303 1494 ride
1324 1439 1437 1516 plura]

311 1515 471 1576 Caeterum
486 1516 561 1591 quod
578 1515 686 1574 ibidem
698 1516 881 1590 observatur,
890 1519 910 1552 “
919 1519 1139 1590 comparatione
1148 1515 1266 1592 Virgilii
1279 1515 1317 1572 ad
1328 1515 1438 1575 Hesio

311 1600 332 1632 “
343 1595 412 1652 dum
427 1597 566 1668 instituta,
581 1594 655 1652 nihil
670 1596 789 1668 exilius,
799 1593 930 1670 jejunius
945 1600 977 1652 et
988 1595 1101 1652 aridius
1123 1593 1264 1668 Hesiodo,
1287 1593 1366 1652 nibil
1391 1613 1438 1654 co·

310 1678 331 1710 ‘⁴
340 1675 449 1748 plosius
464 1681 495 1730 et
509 1675 624 1750 plenius
639 1691 704 1731 esse
720 1673 878 1749 Virgilio,”
894 1677 923 1732 in
938 1691 975 1730 eo
990 1677 1116 1734 eximius
1129 1675 1249 1730 criticus
1263 1673 1436 1749 quibusdam

310 1749 408 1810 forsan
422 1753 517 1810 rideri
533 1758 632 1827 posset
644 1753 774 1810 Ascraeo
798 1755 861 1810 seni
883 1751 971 1828 pauld
994 1755 1130 1828 iniquior,
1144 1756 1169 1810 si
1193 1755 1342 1810 nescirent
1358 1771 1436 1828 quae

311 1830 348 1888 ab
363 1831 469 1889 eodem
484 1832 640 1888 observata
655 1828 766 1888 luerint
788 1831 824 1888 de
847 1831 914 1888 loeo
935 1831 1053 1889 sublimi
1077 1833 1105 1888 in
1128 1829 1313 1906 Theogouifi.
1357 1837 1380 1870 “
1393 1833 1436 1892 Ex

209 1977 213 1984 ¹
310 1910 416 1984 “hm'’
433 1914 536 1988 inquit,
551 1915 571 1948 “
583 1916 614 1967 et
628 1911 772 1970 similibus
787 1910 858 1968 locis
872 1915 1026 1986 poetarum
1036 1911 1300 1986 antiquissimorum
1307 1910 1436 1970 charac-

310 1994 331 2026 ‘⁶
341 1995 388 2048 ter
400 1989 620 2048 constituendus
635 1995 690 2062 eat,
705 2007 763 2067 quo
778 2005 933 2066 assurgere
950 1989 1006 2046 illis
1020 1987 1155 2059 licuerit;
1176 2005 1242 2044 nam
1254 1989 1352 2046 simile
1366 1993 1435 2068 quid

309 2073 485 2127 “seriorum
508 2074 660 2144 posonem
683 2071 802 2146 ingenia
825 2085 882 2126 non
904 2069 1073 2142 protuldre;
1094 2073 1126 2124 et
1140 2069 1233 2142 piget,
1249 2065 1434 2126 Hesiodenm

309 2152 330 2184 “
343 2151 494 2224 ingenium
507 2165 565 2205 non
581 2154 640 2204 tam
655 2165 694 2205 er
710 2149 767 2204 boc
782 2164 817 2203 nc
831 2145 973 2205 similibus
989 2149 1017 2203 in
1032 2145 1171 2203 Herculia
1185 2145 1303 2221 Clipeo,
1324 2149 1381 2204 sed
1399 2167 1433 2206 er

308 2231 329 2263 ‘⁴
340 2229 375 2285 iis
389 2226 521 2302 partibus
534 2229 694 2298 aestimari,
709 2243 784 2303 quae
800 2228 934 2283 tenuiora
948 2231 1013 2283 suat
1028 2231 1058 2282 et
1072 2242 1111 2283 ex
1124 2223 1240 2300 placido
1262 2242 1298 2281 ac
1319 2227 1434 2285 medio

309 2307 329 2342 “
340 2309 385 2364 cri
398 2305 543 2381 genere.”
584 2305 648 2383 [De
662 2303 782 2380 Theog.
798 2304 835 2361 ab
856 2303 976 2362 Hesiod.
992 2304 1115 2361 conditi.
1149 2301 1343 2360 commentat.
1368 2306 1433 2364 Soc.

308 2381 789 2460 R.Gotting.'1'om.ll.1779.p
808 2383 887 2460 161.]
928 2383 986 2442 Ubi
1008 2384 1105 2440 obiter
1124 2381 1278 2439 notandum
1303 2380 1433 2462 Clipeos·

308 2459 439 2520 Herodis
454 2461 571 2539 Heynio
586 2464 682 2522 videri
699 2481 772 2539 opus
785 2466 946 2540 genuinum
964 2461 1094 2520 Hesiodi.
1135 2461 1166 2518 lo
1185 2459 1355 2537 Tmogoats,
1372 2482 1433 2521 car·

308 2544 388 2598 mine
404 2541 481 2618 apud
494 2548 614 2600 veteres
628 2540 713 2618 longe
728 2540 936 2614 celeberrimo,
956 2541 1066 2598 nullum
1082 2540 1206 2598 traditur
1218 2545 1348 2615 systema
1364 2543 1432 2600 reli·
1492 2559 1493 2599 t

307 2623 404 2696 gionls
418 2619 617 2690 Graecorum3
637 2619 689 2678 sed
703 2617 835 2678 fabuloso
849 2619 970 2678 deorum
984 2623 1138 2696 generatio
1152 2622 1320 2694 exponitur,
1335 2621 1380 2677 its
1404 2631 1431 2680 ut
1491 2645 1492 2689 l

308 2699 523 2757 narrationibus
537 2699 666 2774 alioquin
678 2697 789 2775 jejunis
807 2702 923 2774 postica
944 2697 1064 2757 subinde
1088 2698 1228 2756 accedant
1248 2707 1430 2758 ornamenta.
1490 2741 1491 2781 ,

307 2777 397 2850 Quod
411 2778 573 2837 admoram
588 2782 667 2835 vitae
683 2778 834 2851 attinebat,
848 2779 985 2836 traditum
1000 2784 1045 2835 est
1063 2777 1224 2835 Hesiodum
1238 2779 1315 2833 ruris
1329 2783 1364 2834 et
1380 2783 1429 2836 otii
1489 2837 1490 2871 ,

306 2855 397 2916 foisse
412 2860 647 2916 amantissimum.
687 2857 775 2914 “Vir
788 2855 874 2930 suit,”
889 2859 983 2934 iuquit
993 2857 1124 2914 Velleius
1136 2854 1318 2928 Paterculus,
1331 2861 1355 2893 ‘²
1366 2875 1430 2932 per·

307 2938 483 3013 “elegantis
497 2939 621 3012 ingenii,
635 2940 667 2993 et
681 2935 851 2994 mollissimi
870 2936 1024 2994 dulcedine
1039 2939 1200 2993 carminum
1215 2937 1427 3006 memorabilis,
1488 2927 1489 2961 ¹

307 3019 393 3072 “otii
403 3019 569 3090 quietisque
583 3013 818 3090 cupidissimus.'’
840 3015 930 3093 [Hist.
951 3015 1011 3072 Lib.
1025 3013 1057 3090 i]
1099 3013 1247 3072 Musarum
1268 3013 1427 3088 domuum,
1487 3029 1488 3051 ¹

308 3095 384 3168 quod
398 3098 492 3168 poetis
505 3094 626 3151 solenne
641 3101 696 3163 est,
720 3111 751 3149 se
778 3091 876 3167 luisse,
899 3112 988 3169 ugnos
1010 3099 1178 3168 pascentem
1203 3093 1256 3148 sub
1280 3091 1427 3152 Helicone
1486 3115 1487 3143 u

307 3171 418 3245 divino,
433 3174 495 3246 ipse
512 3179 644 3231 testatur..
663 3171 796 3250 [Theog.
813 3177 859 3230 22.
876 3174 967 3250 Oper.
983 3179 1014 3230 et
1028 3172 1066 3229 D.
1079 3171 1161 3248 662]
1196 3171 1238 3227 sd
1254 3183 1427 3244 provectam
1485 3205 1486 3233 t

306 3255 490 3308 senectutem
505 3255 686 3326 pervenisse,
702 3258 789 3328 atque
805 3259 898 3310 morte
914 3251 1043 3310 violenti
1057 3251 1172 3308 tandem
1187 3251 1314 3324 periisse
1327 3253 1426 3325 perbi-
1484 3289 1485 3323 ,

306 3329 402 3387 betur.
444 3328 501 3386 Sed
526 3330 564 3386 de
586 3330 642 3386 hac
670 3335 806 3390 auctores
828 3329 921 3390 minus
943 3331 1135 3405 consentiunt,
1149 3345 1206 3386 nec
1221 3326 1309 3384 ullius
1323 3345 1424 3388 eorum
1483 3375 1484 3416 ,

306 3411 436 3466 narratio
464 3406 669 3484 praesefert
696 3408 745 3467 vel
774 3411 923 3484 specimen
951 3411 1093 3468 veritatis.
1134 3407 1183 3466 De
1212 3409 1273 3464 viti
1302 3406 1423 3466 Hesiodi

305 3489 448 3563 scripsere
478 3486 591 3562 Suidas,
615 3487 723 3564 aliique
749 3495 887 3560 veteres3
909 3496 995 3566 atque
1019 3487 1036 3544 ὲ
1061 3485 1276 3544 recentioribus
1306 3485 1422 3546 sutrina
1482 3453 1483 3506 l

188 3571 192 3584 “
305 3565 437 3642 Ursinus,
452 3565 711 3644 LiliusGyraldus,
726 3565 797 3625 Ger.
813 3567 859 3623 Jo.
876 3567 1003 3642 Vossius,
1025 3572 1056 3624 et
1078 3568 1208 3624 omnium
1230 3566 1422 3640 copiosissime·
1481 3545 1482 3596 l

305 3645 438 3722 Operum
453 3645 517 3722 ejus
531 3647 707 3704 Oxoniensis
721 3646 819 3704 editor
833 3645 893 3704 Th.
906 3645 1062 3719 Robinson,
1073 3648 1121 3722 qui
1136 3643 1346 3703 Dissertationi
1355 3663 1421 3702 susa

305 3726 492 3784 inserendum
506 3727 622 3783 curavit
635 3723 780 3782 calculum
796 3727 1029 3784 Astronomicum
1043 3725 1080 3782 de
1103 3729 1201 3781 aetate
1227 3721 1363 3796 Hesiodi,
1377 3725 1420 3799 qui

304 3811 455 3862 auctorem
470 3803 560 3862 habet
573 3804 588 3860 J
594 3801 736 3878 osephum
751 3804 869 3880 Atwell,
884 3804 913 3861 S.
928 3803 967 3862 Τ.
984 3803 1014 3860 Ρ.
1036 3802 1110 3861 Vide
1136 3801 1205 3860 Feb.
1228 3799 1294 3858 Bib.
1308 3799 1361 3858 Gr.
1377 3803 1420 3858 ubi

303 3882 410 3957 πυρῆς
431 3886 501 3940 item
517 3883 581 3940 Vol.
597 3881 617 3939 l.
633 3900 661 3958 p.
677 3886 746 3955 667,
760 3899 820 3960 sqq.
836 3881 905 3942 edit
921 3878 1144 3941 Harles.‘¹1..·l.
1159 3897 1186 3938 c.
1201 3879 1350 3938 rutile
1361 3881 1417 3938 viii.

627 4137 739 4178 assion!
754 4137 902 4178 missorius
916 4135 1095 4177 PMECIPVAF.

347 4280 371 4331 1.
392 4273 516 4334 Hesiodi
526 4275 628 4352 Opera
639 4283 670 4335 et
679 4275 773 4348 Dies;
788 4276 919 4336 unicum
928 4275 1114 4335 Orationibus
1124 4275 1258 4332 isocratis
1269 4277 1317 4344 18,
1331 4279 1364 4332 et
1374 4273 1417 4334 aa

301 4353 397 4430 dplliis
410 4353 575 4412 Theocriti.
607 4353 776 4430 Mediolani,
790 4360 874 4416 1493.
885 4355 980 4436 insol.
1001 4357 1101 4436 [Quae
1113 4361 1157 4411 est
1172 4351 1246 4412 Edit.
1257 4351 1415 4428 princeps]

341 4436 369 4489 2.
404 4432 527 4492 Hesiodi
556 4433 741 4511 Theogonis.
772 4434 911 4512 Ejusdem
946 4435 1065 4494 &utum
1093 4432 1240 4491 Herculis
1281 4430 1414 4508 ejudem

301 4509 467 4590 Georgiodn
481 4513 547 4572 libri
562 4513 635 4582 dno;
656 4512 713 4572 nod
725 4531 794 4573 cuna
816 4513 973 4576 Theocriti
995 4509 1115 4594 Eclogls
1134 4515 1181 4573 60.
1196 4513 1249 4572 se
1262 4512 1317 4570 &c
1336 4509 1414 4566 Vers-

302 4588 359 4663 tiis,
371 4590 448 4671 nprcd
460 4589 571 4665 dtdstm,
584 4595 667 4651 1495.
681 4592 714 4650 ἐπ
718 4591 776 4673 sot.
987 4585 994 4598 '
