3034 5217
316 279 459 339 NOTAE
486 281 531 339 ΙΝ
550 281 809 342 APOLLONIUM
829 283 1024 344 RHODlUM.
1191 291 1228 346 tt

111 395 198 476 quim
211 398 326 476 Virgilii
334 401 463 479 pecudes,
477 399 652 480 frigidaque,
666 390 747 462 licet'
761 403 857 462 verbis
882 407 1072 478 ornatissime,
1086 404 1226 462 naliter-mu

110 484 313 535 enumeratio!
354 479 439 537 Haec
453 482 519 538 ilie:
541 499 596 539 nec
612 482 723 541 temeri
734 486 798 556 quis
808 482 919 540 inficias
929 485 986 538 iret
997 487 1085 540 totam
1097 483 1225 557 descrip-

110 560 222 612 tionem
235 557 381 614 Graecam
396 560 513 634 quidem
530 561 742 635 simpliciorem
756 578 821 618 esse
838 579 872 616 ac
887 560 1101 631 sublimiorem
1124 561 1229 618 Roma-

108 652 177 690 nam
193 634 265 691 verti
277 640 445 693 suaviorem
460 651 547 712 atque
563 644 749 695 amatiorem.
791 639 901 695 Verum
925 636 979 695 καί
997 655 1078 710 τινα,
1106 641 1158 696 tec.
1182 643 1224 696 sic

108 717 265 769 construe:
288 712 339 770 καί
351 715 455 771 otdruda
471 718 557 788 κῶμα
570 714 812 792 περιεκάλυπτεν
826 735 896 774 τινα
918 714 1034 791 μητέρα
1055 717 1226 775 τεθνεώτων

108 788 235 846 παίδων·
247 798 279 848 et
292 792 428 849 οίεὶιείιπα
449 794 524 870 quies
547 794 755 872 circumtegebat
778 795 901 871 aliquam
923 805 1039 852 matrem
1059 805 1225 852 martuouem

108 868 273 925 liberarior:
287 871 357 944 σιγή
372 869 405 927 δὲ
419 872 488 945 ἔχεν
498 872 713 946 μελαινομένην
728 873 853 948 ὄρφνην.
873 872 1011 930 alentium
1021 873 1226 930 autemteaedot

106 946 289 1023 nigrescentes
303 948 431 1009 tenebrae.
452 948 489 1007 cs.
505 947 824 1025 inbiTheacr.1dyll.
840 953 870 1009 ii.
886 955 935 1022 38,
950 954 998 1008 39.
1013 968 1041 1024 p.
1057 955 1123 1007 888.

147 1029 216 1082 756.
238 1026 351 1084 Heir'aa
363 1026 456 1103 dic-]
479 1028 551 1085 Vide
567 1033 816 1104 comparationem
831 1033 860 1088 in
875 1029 1018 1100 Aeneide,
1033 1028 1101 1087 hinc
1111 1029 1226 1086 desum-

107 1111 178 1174 tam,
189 1107 251 1178 viii,
264 1111 311 1162 98.
328 1113 359 1163 et
373 1123 447 1181 quae
462 1107 501 1164 ibi
515 1110 626 1166 notavit
639 1111 835 1184 praestantior.
867 1107 1007 1184 Heynius.

147 1186 314 1242 ter-765.
334 1185 468 1242 -ἔνδοθι
490 1187 518 1242 δ’
538 1183 611 1261 alei]
634 1187 713 1242 Ordo
737 1192 799 1242 est:
826 1186 853 1244 δ’
877 1183 970 1256 ὀδύνη
998 1181 1147 1258 liudgarda
1171 1185 1223 1242 διδ

105 1262 190 1336 χροὸς
205 1259 263 1321 αιέἰ
278 1264 372 1339 ἔτειρε
386 1264 493 1336 ἔνδοθι,
507 1275 533 1322 et
545 1264 623 1322 doiar
637 1284 748 1322 exuram
758 1285 812 1344 per
826 1283 923 1344 carpus
936 1283 1040 1340 semper
1064 1263 1224 1338 conficiebat

105 1357 175 1396 eom
187 1338 270 1412 intas,
285 1358 319 1399 τε
332 1339 410 1413 α’μφί
423 1342 530 1419 dpucdc
544 1337 624 1416 que,
634 1340 687 1400 rai
696 1345 753 1400 ύπδ
765 1341 884 1402 νείατον
894 1342 968 1399 ἰνίον
980 1343 1113 1414 κεφαλῆς
1123 1341 1223 1419 ἄχρις,

105 1418 165 1474 ἔνθ
176 1417 409 1493 ἀλεγεινότατον
422 1421 494 1496 ἄχος
509 1419 603 1494 δύνει,
618 1419 732 1478 ὁππότ’
743 1420 897 1492 deductae
913 1419 1033 1498 Epuree
1045 1416 1224 1501 ἐνισκίμψω-

102 1505 151 1551 σιν
165 1497 250 1561 α’νιάς
262 1497 464 1575 πραπίδεσσιν.
485 1511 510 1556 et
524 1499 599 1556 circa
613 1512 716 1557 teneros
729 1520 837 1573 aeroas,
852 1508 930 1574 atque
946 1498 993 1554 rub
1016 1499 1101 1556 uuum
1122 1499 1224 1576 accipi·

102 1575 176 1631 tiam
189 1577 290 1653 cupitis
298 1577 419 1655 pertitio,
431 1578 480 1636 ubi
492 1577 657 1636 accerrimus
671 1579 750 1636 datar
762 1577 843 1652 rabit,
862 1575 970 1654 prtarrdo
993 1575 1093 1633 invicti
1116 1596 1223 1634 amares

101 1653 225 1732 infigunt
237 1655 374 1713 molestiae
383 1657 564 1733 praecordiis.
1001 1719 1002 1724 ρ

143 1738 213 1790 830.
234 1733 312 1792 Atat
324 1733 484 1813 ἀτημελίῃ,
498 1734 565 1810 icc]
586 1755 654 1812 quae
668 1734 695 1792 ei
714 1735 885 1814 negligenter
906 1733 1036 1790 danistae
1056 1731 1286 1810 pendeborrt,101

100 1811 350 1886 -καταειμέναι,
364 1814 443 1870 idem
458 1815 534 1889 quod
549 1813 762 1886 raderamnus
784 1811 918 1883 καθιήμι,
941 1811 1071 1869 δανείσοι
1094 1811 1222 1887 ηἐρέθον-

101 1909 148 1962 το,
164 1890 279 1966 imperf.
295 1892 331 1948 ab
354 1891 517 1966 αἐρέθομαι,
531 1893 609 1966 quod
628 1891 783 1965 interddm,
804 1898 835 1948 ut
859 1891 917 1963 hic,
941 1889 1085 1964 significat
1105 1890 1221 1967 peredeo.

100 1969 178 2025 Vide
195 1968 224 2024 H
248 1970 349 2045 Stepb.
365 1972 457 2028 Thes.
473 1975 503 2028 iu
518 1989 591 2027 soce
605 1969 722 2046 aispe'tiar.
906 1999 908 2002 ·

142 2045 158 2063 ''
169 2051 236 2105 833.
255 2048 465 2125 ἀρηρέμενον]
486 2051 687 2123 Apraeterito
702 2049 798 2106 medio
811 2047 907 2125 δρηρα
930 2046 1006 2124 [scil.
1022 2046 1057 2101 ab
1071 2045 1147 2140 ἄρα]
1164 2045 1222 2102 sor-

99 2131 199 2182 metur
212 2127 334 2184 verbum
343 2125 498 2205 ἀρήροιιαι,
509 2131 694 2203 participium
700 2124 889 2204 α’ρηρόμενος·
915 2129 1038 2182 aoristus
1052 2126 1220 2201 θρηραμην,

97 2207 290 2279 participium
302 2205 491 2284 θρηριίμενος.
532 2206 658 2264 Brunca.
674 2208 695 2264 Ι.
711 2211 778 2263 787.
800 2205 831 2262 P.
1077 2235 1080 2242 .

140 2287 209 2341 835.
232 2284 412 2362 Apparatum]
433 2286 533 2343 albam
555 2286 607 2358 ita,
622 2304 676 2360 pra
691 2285 807 2361 vulgari
831 2279 975 2361 dpmrpiua
990 2281 1005 2338 ὲ
1020 2299 1071 2338 sex
1092 2281 1173 2338 codd.
1189 2289 1220 2340 et

97 2361 230 2418 Floreat
245 2365 314 2422 edit.
328 2367 460 2438 reposuit
473 2365 642 2422 Brauckius.

139 2444 208 2498 837.
228 2443 348 2500 -ἄλλα
362 2445 391 2500 τ’
403 2445 526 2516 ἔμελλεν
539 2442 711 2519 ἀεξήσεσθαι
725 2439 858 2518 ὀπίσσω]
880 2450 905 2498 at
918 2439 978 2497 ulia
992 2439 1041 2498 vel
1065 2457 1139 2496 aava
1163 2439 1219 2496 ari·

96 2533 164 2575 turo
178 2531 255 2576 eram
268 2520 302 2577 iu
311 2532 455 2599 posteram

137 2601 207 2654 838.
228 2599 442 2659 -δνοιιαιδεκα
456 2601 564 2676 πᾶσαι]
584 2621 640 2658 aaa
650 2600 795 2678 pauciores
816 2618 897 2678 ριιοηι
911 2594 1062 2670 duodecim,
1077 2593 1218 2654 duodecim

93 2675 186 2754 ipsae.
226 2677 299 2736 Vide
314 2677 466 2739 Claritium
480 2681 516 2736 ad
531 2681 563 2737 ii.
579 2700 609 2752 ιι,
624 2683 690 2738 560.

135 2758 207 2812 919.
228 2756 448 2835 Eurotae-1
470 2758 582 2815 Paratis
597 2759 817 2815 medicamentis
831 2755 938 2812 Medea
953 2753 989 2810 ad
999 2752 1141 2826 templum
1157 2751 1218 2810 He·

93 2838 191 2906 cates,
205 2837 408 2894 comitantibus
423 2837 546 2909 ancillis,
560 2855 650 2894 curru
672 2836 798 2893 rebitur.
841 2831 883 2890 Εό
908 2849 995 2906 quum
1020 2833 1216 2904 pervenisset,

91 2912 222 2970 dimissis
249 2915 371 2987 ancillis,
395 2916 564 2992 ingreditur.
605 2915 725 2971 Interim
749 2913 849 2984 iason,
872 2907 1051 2967 hortantibus
1077 2911 1156 2983 Argo
1185 2914 1217 2965 et

91 2991 212 3064 Mopso,
229 2993 308 3049 illam
317 2997 456 3068 sequitur.
490 2994 535 3050 Ad
543 2995 719 3067 colloquium
729 2993 810 3048 venit
821 2992 850 3046 in
859 2988 970 3063 templo
978 2987 1055 3043 solus
1066 3004 1132 3043 cum
1143 2988 1212 3044 soli.

136 3073 206 3128 923.
227 3070 319 3143 Ημὲν
332 3072 443 3129 ἔσοιντο
457 3072 545 3144 ἰδεῖν,
559 3071 625 3147 icc]
646 3092 691 3127 rea
705 3089 797 3126 caram
811 3067 982 3147 spectandas,
993 3086 1038 3122 seu
1052 3066 1215 3142 corrrpeilaa·

90 3147 240 3225 drufarrt.
281 3148 328 3206 Cs.
342 3154 456 3208 omnino
471 3151 624 3227 Virgilium
638 3151 674 3206 de
689 3166 741 3208 suo
757 3149 857 3207 Aeaei
873 3146 1009 3204 similiter
1030 3145 1214 3221 gloriantem.

90 3231 170 3284 Aen.
187 3228 208 3284 1.
224 3233 390 3286 586—594.
406 3229 454 3287 1V.
472 3233 635 3288 let-150.
656 3227 684 3284 J.
699 3229 739 3287 T.

135 3310 205 3364 926.
225 3307 430 3383 Αμπνιιίδης,]
440 3307 530 3366 Filiae
538 3309 676 3386 Ampyca,
684 3307 803 3382 Mopsus
813 3307 875 3363 scil.
884 3311 974 3362 vates.
986 3302 1000 3328 ''
1008 3303 1142 3378 Ampyci,
1153 3303 1216 3359 Sel.

135 3389 206 3445 948.
230 3387 298 3444 Οὐδ’
310 3387 380 3463 ἄρα,
394 3387 460 3463 irc]
481 3388 542 3444 Nec
556 3388 664 3444 animm
678 3388 785 3464 φείδεπι
798 3385 913 3444 Medeae
928 3382 1096 3440 convertebat
1111 3401 1164 3438 rese
1178 3381 1215 3438 ad
1228 3385 1292 3439 lot.

87 3464 156 3521 alia
175 3464 385 3538 marideroada,
405 3467 578 3541 quantumuis
602 3466 743 3536 caamtir,·
764 3453 869 3543 [ὅμως,
894 3473 994 3530 tumea,
1019 3477 1085 3516 eam
1111 3459 1167 3528 hic,
1182 3465 1214 3515 ut

89 3547 214 3616 opinor,
229 3543 317 3600 babet
341 3547 400 3602 vim
423 3549 505 3603 acsi
529 3545 779 3614 diseris-tameu,
802 3545 928 3616 inquam,
950 3555 1006 3594 nou
1022 3537 1214 3592 convertebat

86 3639 173 3692 sese,
188 3620 257 3696 icc]
276 3625 369 3681 πᾶσαι
383 3619 416 3679 δὲ
432 3621 580 3700 [gained]
605 3620 645 3693 ἥν
657 3641 727 3678 τινα
741 3621 863 3692 μολπήν
873 3613 1046 3692 οἰθύροι,οὐκ
1058 3611 1108 3670 ἐπὶ
1122 3616 1212 3690 (lapda

87 3697 268 3769 ἐφήνδανόν
280 3704 307 3759 oi
320 3699 491 3770 ἑψιάασθαι.
507 3713 532 3758 et
546 3721 636 3757 οοινοι
650 3701 811 3768 cautilenae,
824 3712 1005 3773 quamcunque
1019 3691 1213 3768 modularetur,

86 3799 152 3834 aare
165 3776 215 3834 alta
225 3778 372 3855 placebant
386 3779 422 3851 ei,
435 3780 503 3836 adea
516 3791 545 3837 at
559 3780 730 3835 detectorem.
771 3773 944 3849 Hujusmadi
958 3778 1054 3828 autem
1066 3777 1212 3828 construc-

87 3861 147 3928 tio,
162 3857 211 3912 ubi
226 3859 384 3916 relativum
397 3855 483 3922 ὅστις
499 3861 617 3932 ponitur
630 3862 658 3913 in
671 3859 796 3914 numero
809 3858 881 3928 sing.
897 3857 962 3927 post
984 3849 1159 3906 antecedens
1183 3851 1212 3906 in

86 3936 172 4008 plur.
188 3953 245 3994 noa
258 3940 375 3996 insolita
388 3944 441 3994 est
464 3937 521 4008 Sic,
535 3935 671 4010 Xeuapb.
696 3937 732 3992 de
757 3933 827 4008 Cyr.
854 3933 918 3989 inst.
941 3929 1004 3987 Lib.
1027 3931 1068 4001 iii,
1090 3929 1143 3984 sub
1164 3927 1211 3985 fin.

85 4011 215 4076 πάντας
238 4012 391 4088 dep—ubi
415 4015 482 4075 side
508 4033 582 4089 quae
605 4017 754 4071 annotavit
777 4012 837 4068 Th.
863 4008 1132 4082 Hutclrinsongqui
1155 4007 1213 4064 alia

84 4094 236 4168 exempla
250 4096 398 4153 iudicavit.
419 4092 557 4169 ”α’θύροι,
571 4091 676 4164 παίζω.
698 4091 787 4148 Sabat.
809 4089 840 4148 P.
1181 4161 1199 4175 ..

133 4176 205 4228 954.
225 4173 265 4230 Η
273 4173 363 4247 duaci
377 4175 419 4244 dai
429 4172 563 4244 στηθέων
577 4169 652 4245 ἐάγη
667 4169 761 4246 aium]
786 4167 863 4226 Certi
882 4165 975 4224 crebri
989 4165 1021 4222 iu
1039 4162 1212 4242 praecordiis

83 4271 143 4307 car
156 4251 294 4327 wiotum
308 4265 353 4312 ert.
374 4252 460 4327 ἐοίγη,
472 4270 530 4328 pro
547 4252 614 4325 ἤγη,
629 4268 689 4306 aar.
706 4255 733 4307 8.
748 4267 822 4323 pass.
838 4247 873 4304 ab
887 4247 961 4320 ἅνω,
966 4244 1085 4323 frango.
1193 4317 1200 4336 μ

133 4332 204 4386 999.
223 4329 393 4405 -μήλοισι,
405 4331 473 4407 tic]
495 4333 543 4387 Sic
557 4335 712 4386 construe:
732 4329 758 4384 δ’
773 4328 883 4398 ἐνῆκεν
901 4325 1032 4382 ἄσπετον
1056 4319 1134 4392 bittit
1157 4337 1213 4392 μη·

81 4412 177 4465 λοισι.
195 4418 220 4466 u
233 4409 358 4468 immittit
372 4412 510 4488 ingentem
523 4427 682 4468 aerumnam
692 4406 796 4484 pacari.
835 4407 904 4464 rior.
932 4407 959 4459 in
982 4401 1038 4456 hoc
1053 4416 1139 4460 seusu
1153 4403 1211 4453 stu·

77 4485 360 4560 diosisjamnotus.
401 4489 474 4546 Vide.
489 4489 553 4544 Vol.
569 4485 589 4542 l.
605 4487 640 4542 ad
655 4505 683 4560 p.
702 4491 745 4543 19.
761 4504 788 4540 n.
803 4489 829 4541 θ.
1213 4507 1214 4514 ι
