3034 5217
299 424 301 429 Ι
389 333 535 399 uonna
557 337 607 396 m
633 335 914 421 rnnoorruuu.
1156 349 1214 406 ms
1256 319 1262 330 ’

83 451 266 590 midam
279 455 353 528 ἐμὸν
366 459 478 532 χεῖλος,
492 461 546 517 bc.
585 458 630 516 Ad
654 460 780 518 verbnm
802 458 864 532 sere
887 457 988 518 Maro:
1008 457 1135 520 Necdum
1151 464 1214 532 ⁴illis
1224 467 1290 526 21¹1.

186 533 308 608 odoravi,
321 535 370 592 ssd
383 536 495 596 madia
507 558 594 595 seruo.
609 537 672 595 Ecl.
688 541 730 596 iii.
745 543 793 598 4³.
834 537 919 612 Hanc
942 537 1100 600 lectionem
1115 541 1212 618 alteri,

82 609 171 746 gild&
185 631 218 669 rs
237 631 295 686 uo,
315 617 455 690 praetulit
476 615 690 679 Valckenarius
708 633 776 675 cnm
791 615 829 674 ll.
853 617 1003 694 Stephano
1018 619 1147 694 aliisque.
1168 639 1213 682 πα

120 707 166 747 or.
203 709 237 748 ro
250 710 303 763 πη.

128 707 285 842 hap-rai
299 772 351 828 κέν
365 772 458 848 ’τυ-υ]
478 775 525 845 api
538 770 591 831 καὶ
604 772 645 831 τι)
680 771 832 831 raeserunt
852 775 961 850 aliquot
982 774 1108 833 Codices
1128 777 1211 838 MSS.

81 846 163 904 mihi
185 848 284 923 placet
307 850 397 909 lectio
411 853 546 927 vulgata:
567 852 615 924 api
635 790 686 908 οἷν
708 871 748 909 aa
771 850 853 924 μα’λα
877 849 1017 930 πρόφρων
1040 854 1211 930 οῖρισαίμαν·

82 945 141 1000 quo
155 925 209 983 tibi
222 926 294 985 douo
307 927 506 987 Mensam
516 930 672 1008 grntnflssr.
712 930 745 988 ln
767 930 844 989 hune
865 949 982 989 sensum
1003 933 1096 990 verbo
1109 934 1213 1011 elpido-

80 1005 156 1061 σθαι
172 1005 327 1080 aliquoties
342 1011 434 1066 utitur
448 1007 605 1066 Homerum.
629 1008 775 1066 Vacerra.

125 1085 177 1140 61.
197 1087 294 1143 Ataeo
315 1105 364 1159 μοι
385 1086 478 1162 arl-]
499 1087 581 1144 Ordo
594 1093 656 1144 est:
676 1088 705 1145 εἰ
724 1086 765 1145 rr)
785 1086 869 1159 aba
896 1107 947 1146 κεν
971 1089 1061 1166 [quod
1084 1097 1131 1148 est
1153 1089 1210 1169 dv]

201 1179 250 1235 μοι
265 1161 322 1221 eda
335 1164 471 1242 ἐφίμερον
486 1163 589 1236 ὕμνον.
629 1163 781 1243 Εφίμερον
797 1165 900 1240 ὕμνον,
926 1185 1037 1224 cumaeo
1053 1170 1211 1248 potoribus

78 1258 152 1298 mnu
176 1240 217 1314 ἰ,
243 1244 318 1315 sive,
341 1252 374 1302 ut
397 1242 511 1317 Nicias,
537 1249 589 1320 qni
613 1244 690 1300 banc
717 1245 876 1303 lectionem
901 1242 1040 1320 defendit,
1066 1248 1209 1322 probante

78 1315 220 1393 Reiskio,
248 1325 349 1397 vertit,
376 1324 506 1399 hymnam
532 1322 709 1393 οοιοιονίνσο,
730 1323 953 1382 dailerasivmn.
975 1323 1099 1382 Haaans.
1146 1327 1210 1384 Tda

77 1396 132 1466 sp·
144 1397 251 1474 Ἱμέρᾳ
265 1399 358 1471 ὕμνον
380 1401 520 1460 emendat
538 1401 577 1458 D.
593 1401 743 1472 Heinsius,
757 1405 776 1458 i
792 1419 819 1459 e.
834 1419 954 1459 carmen
980 1401 1146 1472 bucolicum
1170 1405 1207 1466 de

78 1474 265 1568 intortunato
284 1478 448 1554 Daphnidis
469 1495 570 1538 amore
591 1497 686 1553 prope
714 1479 878 1552 Himeram,
897 1479 1019 1574 flurium
1043 1484 1072 1538 in
1095 1483 1207 1558 Sicilii,

77 1557 1207 1710 lll”l.⁶:3¹t.¹tl‘ltltltltl1llltttilttlllllllltill

124 1713 173 1767 62.
192 1713 257 1771 Kos
271 1733 317 1771 τοι
332 1712 366 1771 τὲ
379 1713 515 1790 φθονέω]
550 1713 723 1771 casaubono
737 1716 868 1789 placuit:
889 1715 1000 1775 Κοῦτοι
1014 1713 1047 1774 τί
1066 1718 1205 1788 φθονέοις·

78 1788 302 1849 tnneinaidecs
314 1792 499 1864 meamea,
554 1791 870 1871 oddtepetorecitcrs'.
910 1793 1075 1858 Genuinum
1090 1797 1206 1855 videtur

76 1867 162 2003 23⁰⁶
175 1869 1208 2016 ¹⁶⁸³²l.{tithlt.llllt⁰.ti.illl.tll‘i.tttls.¹‘⁰⁶td

75 1946 291 2103 armot-
312 2032 332 2086 i.
350 2045 377 2084 e.
393 2026 529 2105 πρόσαγε,
547 2021 571 2086 ὦ
591 2026 692 2101 ἀγαθέ·
709 2048 776 2107 μμ,
799 2029 814 2084 ό
838 2028 915 2101 boos,
929 2031 979 2086 vel
1003 2031 1053 2088 hoc
1067 2033 1204 2105 mcedad

76 2103 150 2161 bone
162 2104 217 2163 οὔ.
239 2108 290 2165 Aa.
306 2107 436 2182 Poarus„
448 2105 536 2164 ''Neo
550 2106 602 2165 till
615 2105 746 2165 davidem
768 2111 786 2164 i.
805 2125 833 2164 e.
849 2105 990 2184 πρόφρων
1006 2108 1098 2182 δώσω,
1114 2113 1203 2180 alana

74 2181 189 2263 a'sr'dpc.
213 2185 288 2243 Vide
301 2203 390 2262 snpra
398 2204 427 2262 p.
439 2188 486 2243 98.
494 2203 523 2245 v.
534 2191 602 2243 406.
616 2185 682 2244 οὔτι
695 2183 834 2264 μεγαίρω.
849 2204 879 2261 p.
898 2189 962 2243 122.
976 2206 1005 2245 v.
1020 2191 1088 2246 310.
1128 2191 1203 2250 ltem

76 2261 258 2322 nomino.
273 2285 303 2324 v.
319 2271 366 2324 54.
382 2271 430 2323 65.
452 2261 484 2323 Ρ.

120 2345 170 2399 63.
188 2344 270 2405 -etr
288 2343 385 2402 Αΐδαν
398 2361 431 2419 γε
446 2343 503 2401 τὸν
517 2341 736 2418 ἐκλελάθοννα]
752 2342 789 2400 ad
809 2341 954 2401 Plutonem
968 2342 1015 2421 qai
1037 2344 1203 2404 oblivionem

75 2419 197 2477 inducis
216 2419 368 2481 ἐκλελᾶθω
386 2431 433 2481 est
451 2441 560 2482 novum
578 2422 704 2480 verbnm
718 2421 734 2478 a
749 2419 875 2498 perfect.
891 2423 967 2480 med.
990 2422 1100 2482 λέλαθα
1116 2427 1202 2484 verbi

76 2499 176 2558 λαθέω
190 2497 362 2571 formatum
383 2506 426 2559 uti
440 2517 458 2556 a
473 2501 617 2576 κέκλημαι,
633 2497 771 2575 νεκλήγω
780 2522 792 2569 ,·
812 2499 830 2556 a
846 2499 997 2578 πέπληγον,
1012 2501 1169 2578 πεπλήμω,
1184 2503 1203 2562 ri

75 2577 228 2655 πέρροιδα,
241 2577 391 2658 περροίδω·
413 2586 445 2637 et
457 2581 573 2638 similia.
614 2579 690 2636 Vide
703 2579 792 2653 suprai
807 2579 843 2636 ud
861 2597 925 2638 ver.
943 2583 988 2638 16.
1001 2577 1202 2640 ”ἐκλελαθόν-

75 2677 131 2728 τα,
146 2677 206 2716 aor.
221 2663 249 2716 2.
264 2659 368 2716 Valok.
381 2658 592 2730 ἐκλελάθοντα,
607 2675 703 2734 praes.
718 2647 767 2715 Br.
789 2657 821 2716 P.

118 2742 168 2795 64.
188 2737 306 2814 Αρρετε
321 2736 514 2814 dorcheim]
537 2737 613 2795 Hinc
627 2735 733 2812 Virgil.
765 2733 1113 2815 illapraemonita
1136 2739 1199 2799 Ecl.

75 2833 309 2954 sopp-2513&
324 2893 431 2970 poam]
448 2897 467 2951 i.
482 2911 508 2952 e.
526 2893 582 2966 ἥδε
596 2892 680 2952 ἐστὶν
696 2890 826 2966 ἡφωνή.

119 2978 168 3032 66.
190 2974 248 3045 Πᾷ
261 2975 326 3032 ποκ’
339 2974 385 3051 ἄρ’
400 2968 511 3050 hdr]
528 2977 545 3031 i.
561 2990 588 3029 a.
604 2974 662 3051 Πῇ
677 2991 750 3031 ποτε
768 2965 835 3046 ἦτε,
850 2967 905 3030 ὅτε
921 2969 1035 3043 Δάφνις
1051 2971 1181 3046 ἐτήκετο
1187 2997 1199 3046 ‚·
1210 2979 1276 3037 218.

79 3052 139 3110 Ubi
154 3053 262 3110 madon
276 3052 370 3123 aab,
386 3052 494 3130 qnoadd
509 3050 558 3110 Do
575 3051 638 3108 bais
651 3051 821 3110 elaeae?
850 3049 985 3110 “Utrum
1002 3043 1050 3119 ἦθ’
1072 3071 1109 3110 au
1135 3045 1197 3126 ἦσθ

75 3132 254 3188 “scribatur
272 3131 345 3189 nibil
359 3134 491 3188 interest.
564 3147 611 3188 am
628 3123 691 3201 ἤσθ
700 3147 756 3188 noa
769 3136 813 3187 est
823 3147 878 3204 pro
889 3129 1012 3188 Aeolico
1028 3123 1113 3206 ἦσθα,
1129 3153 1199 3210 erus,

75 3209 162 3267 “sed
177 3228 232 3286 pro
247 3170 327 3284 ἧσθε,
341 3210 435 3282 emtis,
450 3213 480 3268 in
494 3207 609 3286 imperi.
624 3208 723 3267 med.'‘
745 3208 873 3266 Brunca.
904 3206 987 3266 Cont'.
1009 3209 1091 3286 Virg.
1122 3209 1200 3286 ροσε

74 3308 202 3361 monera,
216 3292 268 3348 tac.
283 3287 346 3346 Ecl.
361 3306 390 3346 x.
405 3293 435 3362 9,
444 3306 505 3364 sqq.
517 3295 548 3346 et
558 3287 675 3345 hliltoni
690 3287 791 3364 Lycid.
838 3287 1093 3366 Wheremereye,n
1135 3293 1198 3369 pha,

76 3371 132 3426 tac.
148 3371 219 3425 item
233 3367 304 3442 Pop.
320 3365 396 3424 Past.
411 3375 443 3424 et
457 3367 544 3424 Dom.
559 3365 707 3442 Lyttleton
725 3365 842 3424 Monod.
883 3366 951 3424 Fuit
974 3375 1073 3425 autem
1093 3311 1199 3446 ffiph·

74 3449 124 3503 nis
138 3449 167 3502 in
182 3450 304 3504 vetustis
321 3446 681 3523 carminibuspastorltiis
703 3445 935 3522 celeberrimum
957 3451 988 3502 et
1011 3446 1110 3504 herois
1133 3449 1198 3507 loco

77 3527 159 3582 inter
171 3532 303 3600 pastores
317 3523 451 3593 hahitus3
472 3528 514 3582 uti
529 3527 640 3582 notarit
657 3525 840 3582 doctissimus
863 3523 1006 3597 lleynius,
1023 3525 1119 3601 [Virg.
1136 3527 1198 3585 llel.

76 3621 108 3660 v.
130 3603 300 3680 Argument.
320 3602 397 3678 quod
417 3601 509 3679 vide]
535 3603 727 3660 “Addixerat
753 3619 785 3658 se
812 3599 967 3677 Daphnis''
999 3602 1106 3679 [verba
1133 3611 1199 3664 sunt

76 3681 229 3755 Brunclsii,
243 3683 281 3740 ad
296 3683 377 3740 Anal.
391 3680 459 3739 Vet.
475 3680 589 3738 Politen.
604 3681 712 3736 Graec.
728 3680 792 3736 Vol.
809 3682 850 3738 iii.
862 3697 890 3754 p.
902 3676 965 3754 67.]
1007 3683 1026 3717 “
1037 3681 1069 3736 N
1069 3682 1198 3756 ymphae

75 3765 98 3798 “
110 3759 337 3831 Echenaidi,cui
349 3760 505 3836 juraverat
514 3776 546 3816 se
558 3776 703 3834 nunquam
714 3760 744 3815 in
755 3757 876 3815 alterius
886 3755 1033 3816 foeminae
1045 3759 1198 3835 amplexus

77 3843 98 3876 ‘⁴
109 3842 226 3897 iturum.
267 3840 384 3898 irritum
395 3840 594 3915 juramentum
609 3835 681 3894 fecit
694 3839 797 3912 regiae
809 3835 958 3911 cujusdam
973 3839 1091 3913 puellae
1108 3836 1196 3914 fraus,

75 3922 196 3992 “quae,
208 3937 297 3993 quum
309 3923 460 3993 pastorem
473 3917 637 3992 deperiret,
651 3918 721 3972 vino
743 3932 812 3972 eum
834 3913 969 3972 obrutum
991 3915 1103 3975 libidini
1125 3937 1197 3978 suae

76 3999 291 4072 “morigerum
318 3995 428 4054 habuit
467 3996 629 4072 Comperto
657 3991 735 4052 furto
761 3993 908 4051 Echenals
929 3996 958 4050 in
979 3993 1110 4052 furorem
1131 4005 1199 4056 acta

76 4078 238 4137 “amorem
247 4076 315 4134 odio
324 4077 521 4133 commutarit.
563 4075 600 4130 ht
613 4073 759 4149 Daphnis,
770 4075 818 4148 qui
830 4073 926 4130 datam
935 4071 1094 4151 Nymphae
1110 4075 1198 4136 fidem

75 4158 97 4190 “
107 4171 166 4210 non
179 4162 283 4230 sponte
300 4155 473 4227 violaverat,
488 4153 525 4210 ab
538 4150 602 4227 ejus
617 4169 717 4210 amore
732 4171 789 4210 non
805 4152 924 4222 destitit,
939 4153 1020 4229 cujus
1036 4157 1065 4212 vi
1081 4154 1197 4213 tandem

75 4233 259 4290 “contabuit
273 4239 304 4292 et
318 4236 417 4308 periit
458 4232 542 4290 Haec
554 4230 721 4290 estCantioi
731 4249 852 4304 summa,
864 4229 941 4306 quod
951 4231 1197 4309 canit'I'hyrsisJ?

76 4309 209 4368 Eandem
222 4309 286 4370 ferd
300 4311 450 4369 historiam
470 4310 552 4368 dedit
571 4309 726 4366 Wartonus
746 4327 784 4367 ex
806 4310 945 4367 heliano:
967 4317 1052 4388 atque
1075 4312 1197 4389 exejus

76 4392 182 4448 notitiis
195 4389 305 4466 pendet
318 4391 467 4467 sequentis
480 4389 645 4446 cantilenae
665 4389 868 4464 intelligentia.
909 4388 971 4462 Qui
986 4391 1022 4448 de
1037 4391 1196 4468 Daphnide

77 4469 165 4543 plura
178 4468 565 4545 relit,adeatServiun1ad
589 4468 671 4543 Virg.
686 4465 787 4542 Dolog.
803 4469 866 4538 viii,
881 4471 930 4527 66.
953 4469 1077 4530 Diodor.
1092 4474 1133 4546 ir,
1148 4475 1195 4530 64.

76 4547 195 4606 Aeliae.
207 4548 276 4609 Var.
291 4547 367 4607 Hist.
382 4565 412 4621 1,
430 4552 476 4606 18.
486 4552 518 4606 et
531 4545 675 4606 Dorrillii
689 4545 796 4620 Sicula,
810 4563 839 4622 p.
854 4549 901 4635 67.
