3034 5217
272 343 280 355 ·
407 317 551 380 NOTAE
576 319 621 380 IN
642 317 925 383 THEOCRlTUH·
1156 326 1208 386 181

81 445 202 502 satione
216 439 253 500 ad
266 440 449 504 tinniendum
472 441 637 517 impellere.
680 441 740 498 Sub
762 439 837 500 deae
863 437 937 499 verd
960 439 1128 514 adveutum,
1150 443 1290 502 uni-222.

82 525 200 580 versim
215 521 418 597 praesentibus
432 521 495 592 diis,
510 527 560 579 aut
573 524 693 579 summis
716 524 812 596 politis
826 521 958 578 carmina
980 519 1213 595 decantantibus,

82 619 127 659 ex
151 602 296 658 sententia
319 605 465 671 veterum,
481 616 561 657 mare
585 606 615 656 et
634 595 740 657 ventus
762 601 864 672 silere,
886 599 953 655 loca
975 597 992 656 a
1016 597 1214 662 Valckenario

83 680 235 754 adscripta
250 677 362 736 abundd
377 685 528 736 testantur.
548 677 676 736 Hunurs.
704 675 864 738 Caeterum
889 695 977 736 canes
992 677 1137 736 Hecatam
1151 678 1231 747 ulu·,

81 759 184 816 lantes
196 759 332 816 comitari
347 756 529 814 dicebantur.
570 757 684 815 Notum
708 757 782 816 illud
807 757 926 832 Virffllii
938 757 1113 834 ι-ννίααιρνι
1133 775 1234 815 conss«

81 839 195 895 νδιιὶαςι
205 857 258 916 per
264 836 401 907 umbram,
415 835 587 894 Adventante
601 835 661 892 dod
702 835 825 894 aeneid.
838 839 879 907 vi,
891 840 959 892 257.
971 835 1007 892 ad
1018 853 1105 910 quem
1115 836 1216 894 locum
1236 837 1240 844 '

81 917 156 975 vide
168 914 448 993 praestantissimum
460 914 609 989 Heynium
621 935 628 972 :
643 917 716 974 item
726 915 764 973 ad
775 913 886 972 Tibull.
898 917 916 972 i.
926 918 954 972 2.
965 918 1011 972 58.
1021 919 1068 972 bt.
1089 910 1106 936 ''
1116 914 1213 990 Apoll.

83 998 128 1054 iii.
148 998 231 1053 1840.
246 1012 334 1071 supra
348 1012 377 1070 p.
397 997 461 1051 104.
483 991 515 1051 Ρ.

127 1079 176 1132 38.
195 1076 309 1149 -σιμρῖ
335 1072 400 1145 μὲν
420 1071 544 1145 πόντος,
570 1070 749 1148 dordone—1
785 1067 869 1128 Cous.
898 1070 1097 1130 suavissimam
1125 1077 1212 1147 atque

83 1156 266 1212 notissimam
282 1153 529 1227 descriptionem:
549 1150 618 1209 Nox
632 1160 701 1224 ιναι,
716 1153 768 1207 uo.
784 1150 906 1208 Aeneid.
923 1153 964 1222 iv,
989 1149 1056 1206 522.
1084 1155 1116 1208 et
1137 1167 1213 1226 quae

84 1233 128 1291 ihi
143 1235 293 1290 annotavit
306 1232 449 1307 Heynius.
492 1229 582 1308 [Vide
597 1229 685 1305 supra
696 1229 733 1287 ud
747 1229 843 1305 Apoll.
859 1227 952 1286 Rhod.
964 1229 984 1286 l.
999 1231 1041 1286 iii.
1056 1245 1084 1286 v.
1100 1233 1167 1287 744.
1181 1247 1211 1306 p.

86 1309 172 1387 lon]
186 1313 318 1386 σιγῶντα,
333 1310 407 1368 Dor.
422 1328 478 1387 pro
491 1311 599 1384 clynici.
828 1335 832 1338 ·

129 1397 176 1448 41.
195 1421 238 1432 -
261 1387 341 1465 peu]
367 1407 422 1463 pro
445 1383 533 1449 εἶναι.
565 1387 681 1446 Dorum
704 1391 751 1446 est
774 1387 886 1460 ἔμεναι,
909 1385 960 1445 vel
984 1386 1116 1459 ἔμμεναι·
1139 1383 1214 1446 ουδὲ

84 1470 168 1542 ἔμεν,
181 1470 218 1539 ip
240 1489 284 1540 ru,
298 1474 330 1524 et
345 1458 429 1539 ἧμιν.
551 1533 555 1539 ,
1173 1505 1177 1514 ,

129 1553 178 1604 48.
195 1489 390 1622 ‘durannum
411 1546 476 1604 Vox
489 1543 674 1618 Ἰππομανὲς
693 1544 823 1620 plantam
839 1541 978 1602 denotans
993 1561 1050 1600 nou
1065 1544 1214 1614 inuenitur

85 1627 168 1702 apud
184 1627 273 1684 ullum
287 1631 425 1684 veterem
448 1629 634 1702 scriptorem.
647 1623 823 1682 Botanicum
847 1623 897 1684 vel
923 1619 1081 1696 Medicum,
1103 1625 1160 1682 nisi
1183 1625 1213 1682 in

85 1722 148 1762 uno
163 1706 227 1762 loco
241 1703 456 1778 Theophrasti,
469 1703 549 1798 [Lib.
564 1707 603 1760 ix.
619 1721 646 1760 c.
664 1700 724 1777 15.]
745 1701 808 1776 nbi,
822 1704 848 1759 ai
861 1717 932 1759 sana
951 1700 1042 1758 lectio
1067 1706 1121 1772 est,
1136 1701 1214 1778 quod

87 1789 189 1841 tamen
203 1784 335 1841 dubitant
348 1786 451 1858 optimi
469 1787 658 1857 interpretes,
673 1780 815 1838 denotare
827 1785 946 1855 oportet
959 1786 1074 1854 partem
1085 1779 1213 1858 aliquant

86 1864 142 1921 vel
156 1865 413 1938 praeparationem
422 1861 538 1935 plautae
557 1859 731 1937 Titiymulli,
743 1859 827 1936 Augl.
845 1860 960 1938 Sparge.
989 1858 1019 1914 Si
1031 1857 1213 1920 Theocritus

87 1942 198 2000 revera
211 1941 248 1998 de
263 1941 361 2015 plauti
376 1941 515 2015 loquitur,
530 1940 606 2014 quod
619 1939 774 1998 admodum
789 1937 908 1998 dubium
929 1941 984 2010 est,
1006 1939 1125 2012 species
1149 1937 1213 2014 ejus

87 2037 167 2078 nunc
189 2038 246 2076 uon
268 2023 365 2093 potest
385 2019 519 2076 indicari.
558 2017 699 2076 Nonnulli
728 2021 929 2096 recentiorum
958 2015 988 2074 in
1015 2013 1161 2090 fraudem,
1182 2023 1214 2076 ut

87 2099 218 2171 ridetur,
233 2097 374 2157 inductis
392 2096 566 2170 Scholiaste,
580 2113 637 2173 per
650 2094 817 2170 ἱππομανὲς
834 2095 883 2154 hic
898 2095 1109 2154 intellexerunt
1123 2094 1213 2152 Datu-

86 2197 151 2235 rum
165 2177 344 2239 stramoniam
359 2176 440 2234 Linn.
454 2177 539 2252 Angl.
554 2175 597 2234 tlte
608 2175 703 2232 Tbom
716 2175 821 2255 apple5
842 2175 1024 2251 quodiameu
1033 2171 1050 2231 a
1060 2173 1212 2232 veteribus

87 2256 274 2331 semperulio
284 2258 400 2314 nomine
413 2257 583 2331 insignitum
603 2273 704 2330 neque·
715 2259 746 2313 ei
757 2271 883 2329 unquam
893 2253 1033 2312 tribuitur
1043 2257 1214 2328 portentosa

88 2335 143 2392 illa
154 2338 207 2406 ris,
217 2342 293 2409 quae
304 2334 524 2408 ἱππομανεῖὴῖο
534 2336 630 2391 inesse
643 2333 765 2404 dicitur;
787 2333 916 2409 alioquin
927 2350 984 2390 non
993 2331 1213 2406 praetereunda

87 2411 310 2487 ruinartium,
331 2416 381 2488 qui
395 2414 485 2478 rebus
504 2411 670 2488 hujusmodi
692 2412 844 2471 narrandis
863 2411 981 2488 gaudet.
1004 2409 1212 2470 Rurnraronn.
1251 2479 1254 2487 s

84 2489 267 2564 Ἰππομανὲς
279 2489 368 2568 vulgi
382 2497 428 2550 est
441 2493 609 2564 caruncula,
623 2490 713 2550 fronti
728 2490 775 2572 (et
789 2489 923 2570 linguae)
935 2490 1009 2566 pulli
1021 2505 1125 2548 recens
1140 2489 1213 2549 editi

88 2573 208 2645 innasci,
224 2570 307 2628 stab
321 2573 396 2647 equa
410 2573 498 2629 enixa
518 2575 616 2631 statim
640 2569 779 2655 devorari
801 2569 924 2628 creditu.
967 2568 1042 2627 Vide
1062 2567 1214 2644 Heynium

88 2649 221 2726 ad.Virg.
237 2649 327 2708 Geor.
357 2652 397 2723 iii,
412 2653 480 2708 280.
495 2658 527 2708 et
540 2656 677 2709 auctores
692 2649 782 2708 abeo
797 2649 839 2707 ihi
864 2649 1015 2708 indicatos.
1035 2649 1149 2720 -roid'
1164 2647 1213 2706 ἔπι

87 2727 576 2820 πᾶσαι-μαίνονταοφριαεαιιδαι
593 2729 672 2787 iliius
687 2729 787 2788 insono
801 2727 900 2788 ardore
910 2725 1162 2864 ρινααίμινααινν.
1183 2728 1211 2790 ἐς

87 2805 162 2865 τόδε
175 2808 260 2881 δῶμα
275 2811 414 2886 περῆσαι,
423 2828 456 2866 αν
468 2809 518 2866 ltus
531 2808 611 2866 aedes
624 2808 727 2866 neuim
748 2807 876 2866 llnnnrs.
935 2823 969 2862 ro
991 2807 1119 2882 περῆσαι
1143 2808 1214 2862 scri·

87 2886 217 2944 bendum
231 2893 335 2945 censet
347 2887 451 2946 Valck.
466 2889 604 2966 πιροῖσαι.
762 2923 764 2932 1
1146 2895 1151 2904 '

129 2971 177 3022 84.
195 2966 234 3024 Ὦ
247 2966 297 3040 'roi
310 2970 366 3024 νῦν
381 2965 569 3043 eatam-1
592 2969 610 3024 i.
626 2987 654 3028 e.
668 2964 688 3024 δ
701 2966 759 3041 ἐμοὶ
780 2966 838 3024 νῦν
862 2961 1005 3023 tritavos
1028 2958 1212 3022 ααναδοίλλον
1222 2968 1289 3026 228.

87 3045 122 3101 ἐν
135 3041 229 3122 α’γρίρ
242 3045 321 3123 nupt.
340 3043 355 3065 ‘'
366 3044 539 3124 κράσπεδον,
547 3045 676 3124 fimbnu,
691 3045 797 3104 limbau-
819 3043 851 3104 P.

128 3129 175 3182 58.
198 3123 338 3202 Σαῦραν]
361 3122 515 3182 [ιααανιαια.
536 3126 620 3200 Angl.
637 3125 680 3184 rie
696 3123 815 3182 lazaro.

129 3207 178 3261 89.
196 3203 358 3262 -λασαϊσα
373 3201 466 3262 adad
481 3200 578 3281 θρόνα
592 3200 743 3281 να88,-]
766 3213 795 3260 tu
817 3200 928 3280 cupiens
949 3199 1015 3259 daec
1036 3217 1141 3280 νοπινα
1162 3201 1213 3262 vel

87 3281 300 3374 medicamento,
306 3279 450 3419 νΡῖρδνον,
462 3300 506 3355 ου,
520 3283 643 3362 adfluo,
654 3279 1035 3364 pigmentum-Theocriti
1053 3279 1149 3337 Sohol.
1165 3297 1213 3340 aa·

87 3367 170 3418 notat
193 3362 291 3438 θρόνα
338 3361 467 3420 hessalos
483 3379 590 3422 vocare
606 3363 648 3421 αδ
660 3358 879 3435 πεπακιλμένα
894 3362 962 3434 ζῶα,
972 3357 1214 3420 auimotiouort's·

83 3451 178 3518 gato.-
198 3439 336 3517 Cyprios,
346 3442 387 3500 aot
400 3441 512 3500 οἱνθινοί
524 3440 778 3522 tpdaw,flon'dos
788 3450 894 3497 uesta:
915 3439 1044 3512 Aetolos,
1059 3435 1213 3514 φάρμακα,

85 3518 298 3592 meamea,
310 3540 426 3593 νιοαια,
440 3523 493 3578 bc.
508 3522 547 3580 H.
562 3522 737 3593 Summus,
760 3517 851 3595 Thea]
870 3515 1020 3590 ὑπόμαξον
1036 3514 1213 3593 καθυπέρτε-

85 3616 139 3675 ρον
153 3599 455 3672 adnotaremus,
471 3600 550 3658 illiue
563 3619 647 3685 ααρια
662 3601 746 3657 lunen
760 3599 839 3676 ejns;
856 3589 898 3660 οἷς
914 3596 1002 3674 [Dor.
1017 3611 1073 3671 pro
1088 3587 1141 3670 ἧς]
1156 3597 1173 3650 l.
1184 3613 1212 3653 e.

85 3679 139 3749 αφ’
154 3673 192 3751 ἧς
206 3680 253 3737 ἔνι
268 3675 320 3736 καὶ
334 3681 391 3736 νῦν
404 3677 526 3752 δέδεμαι
539 3679 573 3736 ἐκ
588 3679 688 3752 θυμοῖ,
704 3695 735 3734 αι
749 3695 802 3755 quo
825 3675 926 3740 limine
950 3693 1023 3732 ανπα
1046 3671 1135 3730 wear
1159 3682 1214 3732 toto

85 3757 184 3817 απένια
195 3757 284 3836 affin
294 3758 407 3836 pendeo

129 3841 177 3903 62.
196 3834 261 3895 Καὶ
276 3837 336 3912 lif
348 3832 582 3912 ἐπιφθδσδοισα,]
603 3832 643 3893 Et
667 3834 715 3892 dio
735 3833 872 3913 impurus.
892 3829 1115 3906 ἐπιρθύσδαισα,
1140 3829 1213 3890 Dor.

86 3933 145 3992 pro
163 3914 370 3989 δπιφθύζοασα,
388 3916 541 3993 inopum
561 3915 621 3987 vel,
650 3920 684 3972 ut
711 3913 827 3990 quidam
857 3911 990 3988 reddunt,
1017 3911 1212 3970 νἀινςνννααοε

87 3996 149 4070 rei,
163 4001 197 4053 ut
210 3996 309 4056 Schol.
324 3993 443 4070 ἡσύχως
462 3991 619 4066 taddaeus.

129 4079 177 4134 64.
196 4073 332 4149 -μούνη
346 4074 438 4150 ἐοῖσα]
453 4090 509 4148 pro
522 4069 601 4146 μσνη
615 4063 693 4130 οὖσα.
735 4068 866 4130 Dimissa
888 4068 962 4130 verb
982 4076 1027 4130 est
1048 4069 1213 4146 Thestylis,

87 4159 121 4212 et
149 4154 301 4212 Simaetha
327 4171 429 4212 secum
456 4153 493 4210 de
523 4154 639 4228 origiue
670 4153 779 4209 amoris
811 4154 858 4209 sui
887 4153 1011 4208 instituit
1037 4165 1213 4209 sermonem.

86 4232 311 4370 Ηῗὲᾓῖνθα
327 4313 371 4368 τῶ
381 4307 550 4387 ’Τσαύλοιο]
581 4309 611 4367 h.
634 4327 662 4369 e.
686 4310 798 4384 Αναξιδ
817 4305 984 4386 κανηφόρος
1000 4309 1020 4382 ἡ
1043 4305 1213 4446 ὲδυγνίτνρρ]

85 4393 145 4450 τοῦ
163 4389 316 4450 cumton
331 4382 406 4464 ἦλθε
421 4392 506 4463 ἡμῖν,
519 4391 565 4449 ἐπ’
577 4389 667 4453 ἄλσος
682 4387 862 4467 Αρνέμιδος.
903 4388 970 4462 Vel,
987 4395 1021 4446 ut
1064 4385 1140 4444 chol.
1161 4389 1216 4460 nl.-

84 4473 140 4530 θεν
155 4472 245 4542 ἦνοῦ
258 4467 407 4528 ,Εδσούλον
420 4465 562 4546 θυγάτηρ
576 4469 686 4542 Αναξιδ
697 4469 903 4545 ιανηφοροδσα
920 4467 965 4544 τῇ
989 4464 1147 4543 Αρνέμιδι,
1162 4463 1215 4524 καὶ

86 4550 215 4623 πομπήν
227 4549 416 4628 δμομένητῇ
429 4548 502 4620 θεῷ.
522 4548 582 4610 Ubi
598 4549 666 4608 ride
678 4549 773 4627 plura.
789 4545 805 4566 ''
817 4549 862 4606 roi
875 4543 1157 4622 'Tuuasyllsbafit
1182 4543 1215 4604 Ρ.
