3034 5217
397 346 541 409 aaran
565 291 866 408 ra'suanmsas
1146 349 1202 404 iss

77 473 260 532 “utiliorem
274 469 363 548 longe
376 470 552 546 Euripidem
565 469 638 529 fore.
680 471 817 546 Namque
835 474 858 529 is
867 476 898 528 et
909 474 938 530 in
952 485 1087 528 sermone
1109 469 1202 550 (quod
1215 466 1279 524 lea.

74 559 95 593 ‘⁶
107 557 208 630 ipsum
221 550 455 627 reprehendunt,
463 551 567 626 quibus
580 551 710 627 gravitas
724 557 756 608 et
770 551 929 608 cothurnus
944 557 975 607 et
989 567 1074 608 sonus
1090 551 1202 626 Sopho·

75 635 165 690 “clis
191 631 311 689 videtur
334 646 399 686 esse
421 630 588 709 sublimior)
615 633 708 705 magis
730 631 847 688 accedit
872 633 1002 687 oratorio
1024 633 1148 706 generi:
1170 636 1202 688 et

73 717 95 750 ‘⁴
105 714 266 769 sententiis
280 710 402 777 densatas
424 714 456 766 et
470 711 499 768 iu
513 711 559 780 iis,
575 725 651 785 quae
666 712 682 764 a
696 711 879 783 sapientibus
895 710 1002 766 tradita
1016 717 1092 780 sunt,
1107 709 1202 783 paene*

74 794 184 868 “ipsis
198 808 271 866 par3
292 795 324 845 et
338 791 367 845 in
382 789 506 846 diceudo
521 796 552 844 et
566 788 782 864 respondendo,
798 789 922 846 cuilibet
936 805 1049 860 eorum,
1066 791 1114 864 qui
1140 785 1203 846 fue·

72 877 94 910 “
107 876 180 928 runt
194 871 224 926 in
237 866 303 926 foro
314 866 662 942 diserti,‚comparandus.
705 868 736 924 ln
751 867 905 925 affectibus
928 865 1002 925 vend
1024 866 1090 924 cum
1114 869 1205 924 omni·

74 957 94 988 ‘⁶
106 951 166 1006 bus
181 952 281 1019 mirus,
297 945 358 1004 tum
372 950 403 1004 in
417 949 462 1019 iis,
473 951 522 1022 qul
536 947 725 1004 miseratione
736 953 880 1020 constant,
896 945 983 1004 facile
992 945 1203 1024 praecipuus.’'

72 1030 161 1108 [last
178 1027 259 1084 Orat.
275 1019 337 1083 Lib.
353 1045 381 1084 r.
392 1044 418 1082 c.
437 1026 477 1102 l.]
496 1026 603 1082 “Cum
619 1026 769 1102 Sophocle
785 1025 896 1101 igitnr'’
919 1024 1034 1108 (verbis
1046 1045 1121 1083 nunc
1137 1033 1204 1083 ntor

72 1107 240 1165 doctissimi
256 1103 402 1184 Harlesii)
418 1105 650 1181 “Tragoediam
664 1105 850 1163 Graecarum
871 1105 1001 1182 perfecit
1028 1105 1201 1182 Euripides3

69 1192 198 1262 “atque
216 1185 259 1242 illl
273 1185 421 1244 duumviri
437 1185 477 1258 id,
491 1185 568 1259 quod
584 1184 748 1261 Aeschylus
764 1186 926 1260 prudenter
944 1189 1112 1262 auspicatus
1127 1193 1202 1258 erat,

69 1265 239 1322 “feliciter
262 1264 469 1340 sapienterque
493 1265 530 1320 ad
558 1261 775 1340 perfectionem
798 1264 1034 1339 perduxerunt.”
1076 1265 1122 1344 [ln
1150 1269 1202 1322 sui

68 1346 146 1402 edit.
163 1344 249 1402 Fabr.
264 1341 395 1401 BihGr.
416 1342 482 1400 Vol.
508 1343 544 1400 11.
566 1361 595 1419 p.
619 1343 701 1419 238]
724 1343 852 1418 Propter
876 1343 973 1400 odium
995 1347 1024 1403 in
1050 1343 1202 1418 foeminas,
1272 1333 1277 1349 ’

68 1425 155 1501 quod
169 1421 327 1498 Euripides
340 1425 370 1480 iu
385 1423 552 1498 tragoediis,
567 1430 599 1480 et
617 1424 793 1498 praesertim
820 1425 849 1480 in
874 1441 927 1480 sno
953 1423 1126 1500 Hippolyto,
1152 1443 1204 1482 er-

66 1506 195 1579 pressit,
210 1501 305 1560 dictus
318 1499 375 1559 fuit
389 1500 405 1558 d
419 1503 571 1559 veteribus
584 1497 776 1576 Mdoyuanr:
812 1501 870 1560 Sed
889 1501 1013 1560 affirmat
1029 1503 1203 1578 Sophocles,

67 1582 155 1658 apud
171 1580 367 1652 Athenaeum,
383 1581 461 1659 [bib.
477 1583 540 1644 xiii.
556 1597 585 1656 p.
601 1581 684 1656 obt]
721 1580 892 1655 Euripidem
908 1599 964 1638 non
981 1583 1035 1640 nisi
1060 1583 1088 1643 in
1114 1586 1204 1642 sceui

67 1666 109 1719 ita
126 1660 273 1718 adeamus
287 1661 434 1718 muliebre
448 1677 543 1736 genus
558 1657 696 1718 allectum
713 1657 824 1729 fuisse;
846 1661 923 1737 quod
938 1667 969 1720 et
983 1663 1108 1722 ostendit
1133 1662 1203 1720 Bar·
1307 1722 1311 1728 ,

65 1745 175 1800 nesius
191 1743 221 1799 in
232 1741 292 1797 aits
303 1739 461 1814 Euripidis.
478 1737 508 1818 [q
522 1739 598 1815 xia]
620 1740 714 1797 Unam
726 1739 855 1815 quidem,
868 1741 1047 1818 alteramque
1061 1741 1203 1820 deinceps

66 1837 203 1878 uxorem
228 1819 363 1877 habuisse
386 1815 497 1887 fertur3
518 1820 570 1876 sed
595 1829 735 1894 utrmque
758 1822 873 1894 nuptias
897 1819 1032 1877 infelices
1058 1830 1200 1896 expertus

66 1907 124 1958 est.
173 1897 401 1973 Aristophanem
425 1898 555 1974 aliosque
581 1902 682 1974 poetas
703 1901 835 1956 comicos
861 1899 1076 1958 obtrectatores
1100 1901 1204 1962 habuit

66 1977 289 2036 infestissimos.
329 1977 489 2034 Maledicta
510 1986 618 2052 tamen,
644 1978 747 2053 quibus
774 1979 820 2035 isti
845 1997 912 2036 eum
936 1981 1228 2060 prosequebantur,·

63 2060 187 2116 nullam
199 2057 286 2114 tidem
297 2057 374 2131 apud
385 2073 603 2131 aequosrernm
614 2060 819 2114 aestimatores
831 2065 1011 2116 meruerunt.
1055 2061 1201 2137 Tandem,

63 2141 202 2195 circiter
213 2140 402 2212 septuaginta
415 2153 506 2192 annos
519 2142 612 2210 natm,
629 2139 657 2194 tn
672 2135 878 2194 Macedoniam
893 2135 1038 2198 concessit
1051 2141 1086 2197 ad
1099 2161 1202 2218 regem

63 2215 267 2289 Archelaum,
281 2215 433 2273 doctorem
449 2215 599 2272 hominnm
614 2218 769 2292 egregium
784 2223 950 2292 patronum,
966 2218 982 2274 a
997 2237 1054 2295 quo
1079 2239 1202 2280 munera

63 2297 161 2354 antea
177 2301 347 2370 acceperat,
362 2300 395 2351 et
408 2294 486 2368 apud
500 2311 588 2369 quem
604 2297 633 2352 in
648 2311 754 2370 magno
780 2295 892 2354 bonore
916 2297 1033 2356 habitus
1056 2307 1128 2358 erat.
1170 2302 1203 2358 ln

61 2375 251 2434 Macedonia
265 2373 377 2449 aliquot
390 2373 481 2432 annos
494 2383 691 2435 comploratus
707 2375 838 2432 luctuosd
854 2385 949 2434 murts
962 2382 1066 2454 periit,
1081 2379 1202 2438 carnibus

62 2458 154 2533 regis
187 2451 298 2511 infelici
319 2451 445 2528 quodam
470 2469 539 2509 casn
562 2449 747 2528 discerptuss
769 2460 990 2533 septuagesimo
1015 2457 1080 2516 fere
1102 2463 1203 2535 quinto

61 2539 183 2594 aetatis
199 2551 285 2605 anno,
300 2533 418 2610 Olymp.
432 2537 556 2606 xcnr,·3.
571 2534 677 2590 eodem
692 2551 750 2611 quo
765 2540 796 2591 et
812 2536 974 2610 Sophocles
985 2543 1144 2616 nonaginta
1155 2559 1204 2597 an·

60 2634 120 2674 nos
136 2619 228 2671 natus
243 2612 323 2670 obiit
364 2611 431 2670 Rex
452 2612 615 2669 Archelais
636 2613 785 2689 Euripidis
809 2618 960 2673 interitum
985 2635 1098 2679 summo
1123 2637 1204 2676 moe-

59 2711 140 2752 rore
166 2692 415 2768 prosequebatur,
436 2697 524 2766 atque
552 2709 617 2749 ossa
641 2691 716 2768 ejus,
747 2694 952 2768 repetentibus
978 2697 1202 2758 Atheniensium

58 2775 197 2852 legatis,
212 2778 243 2829 ut
265 2774 294 2827 in
318 2771 493 2845 patriosala
517 2771 742 2845 tumularentur,
766 2773 895 2829 Athenas
921 2775 1039 2832 mittere
1064 2777 1202 2834 uolebat:

56 2853 120 2912 sed
138 2856 171 2910 in
189 2849 365 2908 Macedonia
379 2852 410 2907 ei
424 2848 579 2925 magnifice
594 2851 817 2924 parentandum,
826 2851 1073 2928 sepulchrumque
1086 2855 1205 2914 nobilis·

54 2939 181 2991 simum
198 2929 395 2988 extruendum
408 2931 533 2986 curarit.
575 2928 666 2986 Cives
680 2929 754 2986 verb
769 2932 823 3002 sui,
839 2949 926 3006 quum
942 2935 1060 2990 cineres
1074 2931 1139 3008 ejus
1154 2936 1205 2992 ob-

55 3017 171 3070 tinere
189 3025 248 3066 noa
263 3013 392 3083 possent,
406 3006 596 3082 magnificum
611 3008 841 3084 coenotaphium
854 3013 883 3066 ei
895 3011 1089 3069 condiderunt
1103 3033 1110 3069 ι
1126 3015 1203 3090 quod

56 3091 241 3150 Pausaniae
257 3096 394 3164 tempore
409 3085 506 3144 adhuc
520 3085 654 3160 durabat,
669 3093 756 3163 atque
773 3087 830 3144 hoc
845 3087 989 3148 distichon
1006 3091 1181 3153 exhibebat:

203 3205 247 3266 Οὐ
257 3207 309 3264 oda
323 3206 429 3278 μνῆμα
445 3201 510 3262 τόδ’
525 3207 594 3278 ἔστ’,
610 3205 774 3283 Eopsnctq,
787 3209 868 3266 aaut
883 3209 920 3268 a)
933 3212 1033 3271 reside.
1126 3277 1128 3282 y

242 3285 294 3366 Τῇ
307 3285 350 3364 σῇ
363 3283 421 3362 ye'p
434 3283 507 3364 δόξῃ
520 3287 629 3360 μνῆμα
644 3282 708 3344 τόδ’
723 3285 906 3362 ἀμπέχεται.

372 3362 514 3443 [Brunck.
531 3366 661 3422 Analect.
678 3365 745 3424 Vol.
761 3370 802 3424 lii.
817 3386 846 3443 p.
863 3373 929 3427 964.
943 3367 1035 3430 ”536.
1056 3372 1163 3449 Aaou]

48 3486 182 3548 Refert
197 3482 276 3542 idem
300 3481 459 3542 Pausanias
482 3490 593 3542 statuas
617 3481 767 3560 Euripidis
792 3493 823 3542 et
849 3487 1006 3561 Sophoclis
1031 3489 1060 3544 in
1080 3489 1203 3549 theatro

47 3565 199 3628 Athenis
214 3565 323 3639 positas
338 3560 436 3620 fuisse.
457 3564 503 3697 hh
519 3565 632 3635 Atticis,
646 3581 671 3622 c,
685 3570 711 3621 2.
727 3569 761 3621 21
760 3565 789 3699 d
812 3565 908 3622 Vitam
925 3565 1073 3640 Euripidis
1088 3567 1204 3628 Graece

45 3651 226 3722 scripsere
241 3639 363 3700 ldanuel
376 3641 459 3698 Mose
482 3643 596 3718 opulus,
610 3641 744 3700 Thomas
792 3645 922 3718 agister3
944 3653 975 3702 et
998 3645 1097 3704 Lartius*
1112 3647 1130 3704 J
1133 3665 1205 3706 nsua

44 3725 246 3792 Bar-nesius.
286 3720 363 3778 Vide
388 3720 474 3777 l'abr.
500 3719 570 3794 Blb.
582 3721 634 3778 Gr.
651 3721 682 3778 1.
697 3723 728 3778 ii.
743 3739 769 3779 c.
788 3725 832 3779 18.
859 3723 923 3779 Vol.
950 3725 979 3782 ii.
996 3743 1024 3798 p.
1050 3729 1119 3800 234,
1142 3745 1202 3806 sqq.

43 3809 139 3866 edit.
160 3801 281 3860 Harles.
297 3804 329 3858 et
346 3796 458 3877 Voyage
470 3799 510 3856 ds
522 3797 611 3856 Jeam
624 3799 794 3858 Anacharsis
809 3819 843 3860 ea
859 3801 955 3878 Gracc,
971 3803 1017 3860 ch.
1033 3803 1104 3864 lxix.

209 3971 238 4041 ἦ
390 3975 532 4016 EURIPIDIS
545 3975 695 4016 rumosas
708 3977 890 4017 rasncrrusr.

95 4130 131 4184 1.
162 4117 317 4192 Euripidis
339 4115 459 4190 Medea,
475 4115 665 4192 Hippolytus,
681 4117 817 4191 Alcestis,
840 4117 1203 4194 Andromachesfiraecd.

37 4198 246 4270 Florentiae,
261 4195 339 4272 apud
354 4195 612 4275 consecrasse.
633 4194 666 4255 de
680 4190 794 4280 dupin
815 4197 846 4254 in
862 4203 916 4256 tto.
939 4200 969 4277 [ri
993 4199 1069 4260 Jaun
1084 4201 1215 4262 laucari¹

30 4288 110 4346 gub
133 4279 233 4338 finem
248 4293 327 4332 saec.
343 4294 391 4332 xv.
407 4280 519 4347 curata,
534 4273 627 4332 literis
640 4274 822 4350 majusculis,
837 4293 933 4352 neque
948 4285 1046 4336 tamen
1071 4284 1133 4340 sine
1157 4301 1205 4342 ac·

29 4359 223 4428 centibus,
237 4355 397 4429 descripta.
439 4353 524 4412 Haec
539 4362 586 4412 est
599 4354 671 4412 edit.
686 4359 816 4412 omnium
836 4359 1045 4433 antiquissima,
1064 4361 1116 4418 sed
1129 4379 1204 4438 quae

27 4465 113 4509 non
135 4437 202 4496 nisi
224 4440 350 4509 quatuor
374 4433 543 4509 tragoedias
566 4433 722 4509 continet]
753 4432 895 4509 ‘'Aldiua,
924 4439 1009 4511 1503,
1039 4446 1071 4496 et
1094 4441 1203 4502 exinde

27 4517 288 4592 Hervaglauae
302 4522 408 4588 param
422 4513 596 4570 emendatae
612 4513 768 4573 habentur.
791 4513 822 4570 P.

84 4609 129 4663 2.
163 4593 319 4670 Euripidis
333 4592 526 4670 Tragoedias
550 4597 612 4652 xir.
635 4595 665 4650 in
690 4593 795 4668 quibas
816 4599 939 4670 praeter
961 4595 1074 4657 infinita
1098 4599 1204 4660 menda
