3034 5217
275 325 332 379 toz
587 317 729 377 sorni:
756 319 801 376 ΙΝ
830 314 1076 376 SOPHOCLEM.

189 444 261 503 121.
272 440 410 518 procedit
421 441 585 509 sententia;
605 438 658 496 sed
671 439 740 514 quid
755 445 809 512 est,
824 437 896 512 μήτ’
911 431 964 498 οὖν
979 439 1040 512 γῆν
1059 437 1175 497 dvitiae
1195 439 1301 502 αὐτοῖς
1323 447 1387 498 set·

271 522 326 581 dee
342 521 515 592 messum
533 535 601 574 nam
616 518 691 574 baec
706 519 795 593 piena
809 521 939 594 syntaxis
960 519 1193 592 postulat-seve
1207 519 1299 596 igitar
1312 525 1388 578 terra

271 596 405 674 proferat
420 599 454 654 iis
475 596 591 653 sobolem
610 597 765 669 marturam,
790 597 839 654 rel
855 617 887 654 ee
907 595 1072 653 mutieribus.
1115 597 1183 653 Sine
1205 597 1295 654 dubio
1316 599 1386 656 haec

272 679 382 735 locutio
398 680 475 732 inter
489 692 539 731 eas
554 676 732 733 numeranda
747 683 802 748 est,
817 693 891 750 quae
908 678 1014 750 passim
1029 669 1218 734 inveniuntur
1232 677 1309 751 apud
1323 695 1385 734 auc

271 763 351 813 tores
366 758 516 829 utriusque
523 755 661 890 fugane,
673 756 722 811 ubi
737 756 862 812 verbum
871 754 982 812 duobus
993 755 1042 812 vel
1056 755 1188 831 pluribus
1202 755 1386 813 substantivis

272 835 438 905 adhibetur,
464 851 521 908 quo
567 850 672 890 eorum
700 832 809 890 tanaim
833 835 883 891 uni
912 837 1064 910 proprium
1093 840 1145 892 esi.
1188 833 1245 890 Pro
1274 833 1384 892 οἱοιὲτοι

272 918 363 990 igitur
377 912 455 969 aiiud
477 913 601 969 verbum
625 930 663 969 er
687 913 819 988 analogia
842 911 1073 972 substituendum
1087 918 1150 982 est3
1171 928 1198 968 e.
1214 932 1241 988 g.
1258 914 1384 990 eptem,

271 993 322 1049 vei
336 992 395 1047 taie
411 991 519 1065 aliquid
531 1012 538 1060 3
561 991 637 1066 quod
651 998 682 1047 ei
695 995 809 1049 notavit
823 989 1003 1049 Bruncirius:
1025 999 1056 1049 ut
1070 1007 1170 1048 sensus
1184 995 1232 1064 sit,
1247 1011 1313 1049 nere
1332 993 1385 1070 igi-

271 1081 318 1129 tur
334 1069 440 1127 auidae
463 1069 502 1125 iis
524 1069 639 1128 sobolem
660 1089 693 1126 ex
713 1069 882 1146 tenatioribus,
906 1071 988 1146 Angi.
1014 1071 1070 1128 enei
1095 1067 1227 1147 therefore
1253 1091 1319 1148 may
1342 1083 1384 1129 stoi

269 1148 384 1208 amaricis
398 1168 453 1225 any
467 1148 592 1204 children
606 1160 633 1206 to
646 1147 718 1206 tieem
732 1147 765 1225 ty
781 1149 852 1206 tiseir
865 1149 961 1206 wives:
980 1150 1101 1226 [quippe
1127 1147 1226 1205 Terra
1246 1149 1315 1224 jure
1339 1169 1385 1224 ap-

271 1229 400 1306 pellatur
413 1225 581 1299 παμθῶτις,
592 1232 623 1283 et
638 1227 853 1304 κουροτρόφος]
876 1229 924 1284 Sic
936 1227 1013 1286 iliad.
1024 1250 1053 1300 a,
1070 1230 1200 1298 532-si
1212 1226 1268 1298 μὲν
1283 1230 1383 1286 ἔπειτα

269 1309 326 1370 Ee
339 1305 403 1366 ἅλα
416 1298 494 1362 ἆλτο
509 1306 630 1375 βαθεῖαν
643 1306 696 1363 dn'
708 1305 886 1380 αἰγλήεντος
906 1306 1057 1379 Ολύμπου,
1080 1305 1157 1370 Zetis
1182 1303 1215 1363 oi
1240 1309 1294 1364 dds
1315 1309 1382 1381 sepis

268 1389 363 1459 δῶμα.
404 1386 461 1444 Ubi
476 1383 584 1440 Thetis
600 1384 679 1441 recte
695 1385 801 1442 dicitnr
815 1384 924 1443 desilire
940 1383 1109 1465 [ἅλλεσθαι]
1125 1388 1156 1443 in
1176 1405 1252 1442 inore
1273 1388 1383 1464 prosus·

269 1467 343 1538 dcun,
358 1482 415 1522 non
431 1464 533 1520 itidem
546 1464 667 1537 Jupiter
679 1464 711 1519 irs
734 1485 812 1522 cuam
836 1465 954 1540 domurn,
976 1465 1028 1522 sed
1051 1465 1151 1537 redire,
1176 1464 1226 1522 vei
1249 1485 1344 1522 uenere
1357 1485 1382 1522 in

269 1563 350 1602 suam
364 1545 489 1601 domum.
532 1543 574 1599 Ad
598 1543 675 1599 hunc
691 1545 787 1600 iocum
802 1545 841 1600 ita
855 1543 1022 1602 Eustathius
1035 1543 1173 1602 -ίστὲον
1188 1541 1239 1602 ὅτι
1255 1545 1288 1600 lo
1303 1545 1382 1615 τῷ-

268 1626 298 1697 t}
311 1620 459 1696 α’ναλόγου
472 1620 594 1691 sontior
610 1622 715 1693 ἔξωθεν
729 1624 821 1698 ῥῆμα,
838 1625 888 1681 ἵνα
910 1615 944 1694 ἦ,
967 1627 1003 1685 ὡς
1030 1621 1119 1686 Θέτις
1142 1622 1197 1695 μὲν
1225 1621 1323 1694 ἥλατο
1344 1628 1380 1686 είς

268 1702 436 1773 θάλασσαν,
450 1701 528 1762 Zetis
543 1698 575 1757 oi
590 1702 661 1794 >spic
677 1703 731 1757 cdv
746 1703 822 1757 idios
836 1686 926 1774 edroi
942 1695 1022 1776 ἦλθε.
1063 1703 1157 1777 Atque
1170 1702 1250 1760 iliad.
1266 1700 1304 1776 γ’,
1319 1705 1381 1759 397.

248 1780 366 1840 firme
379 1777 558 1856 οἶερσίποὸες,
575 1799 624 1836 και
639 1779 762 1836 ameria
777 1779 875 1854 τεύχε’
889 1783 995 1840 ἔκειτο.
1035 1781 1091 1839 Ubi
1107 1784 1134 1838 in
1158 1781 1287 1838 Scholiis
1305 1789 1380 1840 veie-

267 1875 333 1918 rum
347 1860 610 1916 Grammaticorum
626 1858 775 1932 adilinda,
791 1859 921 1917 Venetiis
935 1878 1031 1935 nuper
1050 1860 1157 1916 editam
1182 1861 1198 1916 ὲ
1220 1861 1380 1918 doctimimo

268 1938 441 2009 viiioisono,
456 1941 497 1994 ita
511 1942 704 1994 notatur-eo
717 1939 833 1995 deservo
847 1941 900 1995 ode
916 1939 979 1996 ἐστι
996 1957 1091 1996 soreos
1113 1941 1162 1996 ἐπι
1187 1959 1251 1996 των
1273 1941 1383 2012 ianus,

266 2021 346 2079 viiia
360 2026 616 2094 προσυπακουομεν
631 2035 666 2073 το
680 2019 818 2074 euroeae·
839 2019 875 2079 ὡς
887 2019 936 2077 ἐπι
947 2036 1008 2074 του.
1022 2017 1089 2074 Που
1102 2018 1134 2076 de
1149 2019 1174 2074 oi
1189 2020 1277 2076 isera
1289 2037 1380 2076 secret

266 2101 367 2175 οἶρηϊα,
376 2115 432 2153 που
441 2097 474 2154 de
484 2095 624 2159 dinae:
640 2115 667 2151 κ.
678 2100 744 2153 407.
760 2095 832 2152 Vide
843 2100 931 2160 etiam
942 2097 1043 2174 Odyss.
1053 2117 1081 2170 y,
1091 2099 1157 2154 289.
1170 2105 1201 2154 et
1209 2097 1341 2155 Eustatb.
1350 2097 1382 2153 ad

267 2179 382 2237 iocum:
404 2179 476 2233 item
492 2175 581 2250 Sopb.
597 2175 756 2246 Electram,
767 2179 834 2232 435.
847 2182 878 2232 et
888 2195 961 2252 quae
974 2177 1013 2234 ibi
1025 2177 1193 2233 observavit
1207 2177 1382 2234 Bruncirius:

267 2274 324 2314 nec
344 2274 400 2312 non
421 2255 502 2329 Virg.
525 2257 596 2309 Aen.
620 2257 672 2325 rii,
700 2257 764 2310 187.
788 2261 942 2312 annotante
967 2255 1092 2330 Heynio.
1133 2254 1244 2312 Verum
1267 2257 1304 2312 de
1329 2257 1382 2312 hoc

266 2337 419 2392 schemate
435 2336 562 2390 omnium
577 2332 743 2407 plenissime
757 2333 894 2391 disseruit
907 2337 954 2390 vir
967 2333 1175 2392 eruditissimus
1197 2333 1383 2406 D'Orsiiiius,

267 2414 303 2471 ad
324 2413 525 2483 Charitonem,
546 2429 574 2484 p.
600 2417 668 2483 394,
689 2418 721 2468 et
743 2429 803 2486 sqq.
845 2413 964 2488 Operae
993 2415 1121 2488 pretium
1150 2417 1210 2470 erit
1237 2416 1382 2489 inspicere

266 2496 358 2551 etiam
372 2508 448 2565 quae
462 2494 509 2547 vir
522 2491 676 2548 admodum
691 2491 883 2549 Reverendns
899 2491 1061 2549 Richardus
1084 2491 1178 2566 Hurd,
1193 2510 1269 2550 nunc
1285 2493 1385 2566 Vigor·

267 2573 374 2629 niensis
389 2569 562 2643 Episcopus,
579 2570 647 2625 oiim
662 2571 698 2627 de
715 2571 770 2626 hic
786 2588 818 2628 re
838 2574 965 2644 scripsit,
988 2575 1016 2626 in
1041 2574 1116 2628 notis
1137 2573 1195 2627 suis
1218 2575 1247 2627 in
1271 2569 1384 2630 Horatii

267 2649 423 2727 epistotam
439 2648 475 2704 ad
490 2649 661 2723 augustum,
675 2667 703 2705 r.
720 2653 767 2706 97.
783 2649 831 2706 ubi
847 2651 1074 2707 eruditissimum
1090 2649 1233 2707 Batavum
1245 2648 1384 2708 acerrimi

267 2727 461 2805 reprehendit
475 2727 512 2783 ob
528 2728 670 2802 quaedam
683 2729 719 2784 ab
734 2729 785 2784 iiio
801 2728 912 2786 temere}
929 2727 1040 2785 effutita
1056 2732 1084 2787 in
1106 2732 1184 2786 siros
1208 2729 1386 2805 elegantissi-

270 2827 332 2867 mos
358 2807 544 2865 sddisonium
564 2812 595 2862 et
621 2807 752 2882 Popium.
767 2807 888 2864 -a'iie
900 2809 946 2878 cni
960 2807 1069 2881 πότμῳ
1090 2809 1137 2880 τῷ
1157 2811 1256 2865 νῦν-
1272 2809 1384 2866 Pestenr

266 2887 413 2963 inteiligit,
429 2890 483 2961 qui
498 2893 558 2941 tum
575 2885 712 2942 Thebani
728 2883 937 2962 affligebantur.

306 2964 848 3042 916.Ὡσπερμόραῑονὲλασες,-]
871 2967 952 3023 Sin-ee
972 2987 1025 3044 you
1048 2965 1116 3022 boue
1140 2965 1273 3024 involved
1295 2988 1336 3023 me
1358 2967 1385 3023 in

266 3047 321 3106 tisis
335 3045 498 3117 execratiou,
512 3041 672 3122 diis-epui-
689 3046 747 3100 tbus
761 3045 821 3099 eiii
836 3044 851 3100 i
865 3046 966 3122 speeie:
992 3045 1050 3122 γάρ
1071 3043 1132 3102 οὔτ’
1154 3045 1388 3121 {securem-par-

266 3125 357 3183 ticula
371 3123 429 3199 γάρ
443 3122 549 3180 referri
566 3123 613 3180 hic
629 3125 747 3181 videtur
763 3124 798 3180 ad
814 3124 921 3200 aliquid
939 3123 1257 3181 subintellectum-Et
1273 3145 1385 3200 possum

267 3204 346 3277 loqui
361 3198 564 3280 factitiis-ego
578 3222 646 3259 nuru
662 3222 716 3258 nou
732 3201 869 3280 interseri,
883 3205 951 3262 οὔτε
966 3205 1025 3277 ἔχω
1041 3201 1194 3281 [direpta
1217 3207 1235 3261 i.
1254 3223 1282 3261 e.
1301 3204 1386 3262 ior-a-

190 3334 192 3337 .
266 3300 332 3355 μοι,
346 3284 390 3337 uti
414 3281 488 3337 bene
512 3291 611 3338 notum
637 3284 725 3338 eiiam
749 3281 903 3358 tironibus]
923 3284 1018 3356 δεῖξαι
1041 3282 1098 3338 τὸν
1118 3280 1288 3340 sens-eirea·
1308 3303 1386 3361 neque

262 3379 373 3439 possum
386 3358 512 3416 indicare
526 3360 735 3438 interfectorem.

306 3442 373 3495 278.
393 3439 470 3496 -eo'
485 3439 518 3497 oi
534 3439 707 3515 triceps-q
730 3438 1073 3510 Nominativussoiutus3
1095 3457 1151 3496 non
1166 3439 1241 3497 veri>
1256 3445 1306 3516 qui
1323 3445 1385 3498 rice

265 3519 388 3594 genitivi
411 3524 466 3591 est,
489 3526 520 3576 et
548 3519 718 3576 Latinorum
743 3519 871 3576 ablativo
896 3519 1028 3576 absoluto
1051 3519 1227 3593 respondet3
1260 3523 1314 3576 seri
1334 3538 1384 3595 por

268 3595 349 3668 Quod
362 3597 459 3654 attinet
473 3597 811 3673 explicandus-ditur
832 3597 882 3655 hic
905 3599 986 3655 iocus
1011 3598 1148 3673 expediri
1168 3601 1259 3656 etiam
1283 3607 1386 3674 potest.

263 3676 378 3732 subiate
392 3676 573 3734 distinctione
588 3683 654 3752 post
669 3675 798 3749 ζήτημα,
813 3683 845 3732 ut
860 3681 1038 3734 constructio
1053 3679 1107 3733 sit:
1130 3671 1169 3748 ἦν
1193 3677 1225 3734 ei
1249 3681 1303 3735 τοῦ
1319 3681 1386 3748 πέμ.

261 3767 381 3830 pascor
415 3753 520 3813 uestro
548 3754 617 3813 τόδε
645 3757 683 3812 cd
711 3753 840 3829 ζήτημα,
868 3755 974 3830 εἰπεῖν,
1002 3753 1086 3816 ὅστις
1114 3755 1275 3832 εἴργασταί
1308 3775 1386 3814 ποτε.

265 3831 322 3887 Vei
336 3833 442 3903 adhuc,
457 3835 629 3908 transpositi
644 3836 776 3909 sequenti
792 3834 986 3910 distinctione,
1013 3829 1053 3907 ris
1076 3833 1109 3893 δὲ
1133 3837 1187 3891 rod
1209 3836 1385 3912 πέμψαντος

269 3909 374 3967 eudon
388 3911 425 3966 cd
443 3909 575 3983 ζήτημα,
589 3911 695 3984 εἰπεῖν,
710 3913 791 3975 ὅστις
808 3911 881 3972 ποτὲ
895 3918 1048 3990 εἴργασται
1067 3911 1150 3971 τόδε.
1193 3914 1294 3972 Prima
1317 3915 1389 3970 ratio

265 3991 393 4044 omniurn
407 3989 527 4046 ridetur
541 3993 658 4064 optima.
680 3990 806 4048 Brunca.
831 3989 845 4010 '¹
853 3993 949 4050 εἰπεῖν
968 3991 1049 4064 τόδε,
1064 3989 1254 4056 ideis—Eri.
1278 3995 1310 4051 P.

304 4069 370 4122 982.
397 4066 445 4122 Tei
457 4065 568 4143 δεύτερ’
585 4070 618 4125 ἐκ
636 4069 775 4146 τῶνὸ’-]
798 4069 854 4127 Hic
868 4071 992 4145 puicbrd
1005 4069 1100 4130 officio
1116 4070 1249 4148 iungitur
1263 4073 1386 4138 Chorus,

265 4144 335 4218 quid
348 4142 427 4202 iacto
443 4162 515 4218 opus
529 4144 571 4202 sit’
582 4147 744 4222 opportune
760 4167 933 4225 suggerens,
949 4157 1035 4226 atque
1051 4151 1190 4208 Tiresiae
1204 4151 1266 4226 jam
1283 4153 1312 4207 in
1327 4167 1387 4205 sce·

263 4239 330 4278 narn
340 4222 497 4296 prodeunti
508 4229 714 4299 praemuniens
725 4231 814 4286 viam.
825 4229 907 4284 -cri
923 4227 1036 4306 δεύτερ’
1051 4232 1084 4287 ἐκ
1100 4230 1197 4287 eoisde
1211 4229 1253 4287 cis
1269 4227 1387 4304 λέγοιμ’,

262 4295 287 4354 d‘
300 4319 349 4372 μοι
362 4301 452 4357 δοκεῖ·
468 4307 614 4361 sententia
624 4311 687 4362 est:
709 4305 853 4384 siquiden,
865 4307 936 4384 quod
944 4307 1068 4385 primam
1078 4318 1126 4381 est,
1139 4309 1246 4385 Apollo
1258 4315 1385 4366 mentem

264 4395 346 4434 suam
360 4378 462 4451 aperte
477 4379 629 4440 declarare
645 4391 773 4458 recuset,
783 4395 812 4443 ut
824 4386 905 4444 liceat
914 4386 955 4458 id,
971 4385 1042 4464 qrrod
1054 4387 1187 4446 secundas
1197 4387 1275 4446 dubet
1283 4399 1386 4466 putica

263 4475 407 4533 suggerere
436 4457 564 4516 Bunros.
585 4462 670 4536 Angi.
685 4462 768 4520 reddi
790 4471 889 4541 potest
900 4463 966 4521 :-i
984 4465 1072 4546 might
1093 4467 1218 4526 mention
1242 4467 1316 4524 cudat
1340 4483 1387 4539 ep·

261 4553 344 4606 peuri
358 4545 383 4591 te
396 4555 438 4592 me
452 4547 479 4594 io
493 4538 524 4595 de
538 4540 580 4595 tii-e
600 4551 665 4598 aeci
687 4561 817 4600 resource.
858 4543 1029 4620 Respondet
1051 4545 1185 4621 Oedipus
1209 4563 1277 4604 oum
1301 4541 1384 4602 animi
