3034 5217
297 325 349 393 ἰα
639 308 780 374 uorsa
802 306 846 372 ια
868 298 1077 390 nonarum

269 437 298 515 3.
349 452 378 507 6.
397 433 587 520 -θῤῥθσατο1
614 431 742 492 removit.
780 424 878 498 Ῥθω,
903 422 993 493 trudo,
1022 417 1117 491 libero,
1140 410 1252 492 eripio5
1273 413 1302 468 in
1329 407 1405 466 ioan

307 527 386 590 med.
402 539 476 599 quae
491 511 660 591 saepissime
676 510 806 569 occurrit
819 503 897 578 apud
910 501 997 558 Hom.
1011 516 1089 555 servo
1103 492 1174 572 qrtod
1183 510 1271 550 αιεαια
1281 501 1407 559 esaum

304 628 362 710 pro
371 604 484 680 oseipao,
495 603 526 655 et
539 593 714 667 simpliciter
722 607 808 645 seruo.
827 578 942 655 ἱέμενός
953 596 1019 654 περ,
1027 573 1138 653 cupiens
1149 571 1219 628 licet.
1231 570 1298 641 ἴημι
1311 570 1406 634 mitto;

308 702 389 760 ιεμοιι
405 685 434 738 in
448 677 523 736 med.
538 669 683 748 nrittoe'pse
697 688 750 740 nie,
765 662 852 741 cupio.

352 769 380 820 ’1.
401 753 613 829 -σφετὲφφσιν
631 721 1408 821 στασθαλιζῃσιν-ἦαιθοααινίωῐι.οἶτοίσθαλος,[ααι1ε

310 833 495 910 ἀτασθαλίαι]
516 830 618 901 nudas,
636 846 750 892 ααιοαις
771 822 850 896 quasi
865 835 904 883 ex
922 813 985 884 ἄτη
999 811 1139 880 demntia,
1152 824 1236 880 nora,
1250 809 1282 861 et
1298 803 1409 872 θαλλω,

311 923 410 986 virm
428 910 601 988 σφετέρῃσιν
614 899 843 978 ἀτασθαλίῃσιν,
859 898 917 954 lon.
932 910 988 968 pro
1000 885 1155 964 σφετέραις
1171 888 1224 942 irc.

354 1004 381 1070 θ,
397 999 424 1052 9.
444 993 512 1048 -έοῖ
524 986 603 1045 κατα
616 975 863 1056 βοῦς-ΗσθιονΊ
887 978 905 1032 1.
920 991 947 1030 e.
971 966 1134 1039 κατήσθιον
1153 964 1229 1036 βοῦς,
1251 958 1409 1017 emmeant

315 1077 413 1143 bouem
434 1059 755 1148 ὑαεριονός-ὑιῑεφιίον,
775 1055 840 1114 dud
864 1055 916 1110 τοῦ
938 1045 1012 1125 ὑπὲρ
1040 1047 1118 1118 ἡμᾶς
1150 1042 1236 1101 ἰέναι.
1258 1037 1343 1094 Seiol.
1366 1039 1410 1092 Sic

319 1155 352 1215 Τ.
365 1156 452 1228 θναφ,
467 1152 554 1224 poeta
567 1144 675 1219 lyricus
690 1138 903 1196 celeberrimus
913 1123 1128 1205 :-Hyperim2’s
1145 1119 1241 1178 ’narei
1256 1117 1314 1192 they
1329 1135 1410 1192 spy-

315 1226 480 1315 [Progmp‘
497 1225 591 1298 Ροιοφ,
612 1240 650 1278 on
673 1215 752 1290 Ode]
775 1208 934 1271 Caeterdm
949 1208 985 1265 de
1002 1207 1088 1262 sociis
1102 1201 1212 1276 Ulyssis
1229 1197 1320 1254 boves
1341 1193 1409 1248 Solis

316 1307 535 1372 comedentibus
549 1304 647 1358 narrat
663 1296 751 1354 Poeta
767 1289 842 1349 iusrei
856 1293 886 1346 in
900 1289 950 1347 lib.
966 1287 1017 1342 xii.
1058 1282 1115 1340 Hic
1133 1283 1241 1348 antem,
1253 1278 1281 1332 in
1295 1269 1410 1329 exordio

317 1389 473 1469 po'e'matis,
485 1389 504 1420 “
515 1399 572 1438 non
587 1381 651 1438 erat
666 1374 711 1431 lais
725 1369 836 1428 locus.”

362 1474 406 1527 10.
426 1459 535 1535 οἶμόθεν
550 1457 605 1537 ye,]
628 1473 659 1512 ex
674 1452 769 1528 αἱὶφιᾶ
781 1449 878 1506 saltem
887 1452 977 1524 parte.
996 1439 1087 1513 α’μός,
1102 1436 1160 1494 lon
1176 1437 1206 1490 et
1219 1431 1293 1488 Dor.
1307 1445 1359 1502 pro
1372 1420 1409 1488 sir

318 1548 369 1608 vel
384 1545 444 1616 τὶς,
457 1559 535 1608 isirin,
546 1534 666 1612 aliqrrir:
686 1530 761 1588 unde
775 1524 900 1599 α’μόθεν,
915 1522 980 1578 adv.

362 1631 407 1684 11.
427 1621 500 1680 Ενθ
513 1617 598 1673 ἄλλα
612 1609 667 1682 μὲν
678 1604 859 1680 adnare-1
881 1604 989 1661 Omnes
999 1596 1061 1654 scil.
1070 1587 1122 1652 alii
1135 1590 1313 1647 Graecorum
1322 1583 1408 1640 duces.

321 1705 401 1764 Nam
417 1700 520 1772 incipit
533 1694 728 1750 narrationem
743 1703 825 1742 suam
838 1689 923 1756 poeta
938 1696 995 1734 non
1009 1677 1106 1731 statim
1120 1671 1156 1726 ab
1177 1667 1289 1741 Ulyssis
1312 1664 1409 1719 errori·

320 1786 384 1855 bus,
399 1779 451 1838 sed
466 1777 501 1832 ab
517 1773 567 1831 illo
582 1777 716 1843 tempore
732 1783 789 1840 quo
803 1763 858 1819 Dii
872 1759 1037 1816 deliberant
1051 1751 1086 1807 de
1102 1744 1285 1823 profectione
1300 1740 1359 1815 ejus
1378 1739 1409 1794 ab

323 1862 415 1922 insuli
435 1851 585 1930 Calypsus,
603 1849 653 1904 ubi
678 1851 793 1918 septem
814 1840 876 1916 jam
894 1852 981 1893 annos
1006 1833 1139 1888 detentus
1161 1823 1266 1882 suerat.
1305 1819 1409 1887 Postea,

325 1957 407 2000 more
424 1936 488 1994 aliis
504 1928 568 1990 iude
585 1929 678 2002 poetis
694 1924 788 1997 epicis
805 1918 929 1985 solenni,
953 1913 1087 1986 Ulyssem
1110 1910 1203 1980 ipsum
1230 1899 1336 1958 inducit
1353 1914 1409 1951 aar·

325 2025 439 2078 rantem
454 2030 501 2070 res
516 2009 701 2084 praecipuas,
715 1998 853 2074 quaesibi
865 2000 931 2050 ante
944 1990 972 2048 id
984 1995 1097 2061 tempus
1109 1983 1285 2040 acciderant.
1323 1975 1409 2047 scrip

323 2107 371 2157 tor
395 2097 474 2154 enirn
499 2086 651 2163 ejusmodi,
675 2088 707 2140 ut
731 2076 900 2135 observavit
925 2070 1074 2139 Horatius,
1104 2063 1217 2138 Semper
1241 2056 1279 2116 ad
1300 2065 1409 2111 ενιαιιαι

316 2175 437 2258 festinat
450 2195 460 2241 ,·
482 2179 505 2226 et
519 2167 551 2221 io
564 2162 668 2220 medios
682 2178 734 2228 res,
748 2155 817 2212 Non
830 2172 903 2209 ειοιιο
917 2168 950 2206 oc
968 2156 1055 2217 notor,
1070 2141 1223 2200 auditorem
1242 2135 1324 2214 rupit.
1344 2132 1408 2209 [Art.

324 2258 358 2316 P.
376 2251 455 2327 tib]
476 2248 649 2318 Quanquam
665 2240 755 2313 igitur
765 2237 842 2292 inter
855 2231 968 2304 Ulyssis
982 2226 998 2283 d
1012 2221 1131 2282 Troade
1147 2218 1290 2275 dicessum
1303 2217 1332 2268 et
1344 2210 1410 2266 redi-

326 2344 387 2394 tum
402 2336 432 2389 in
446 2328 570 2403 patriam
586 2321 714 2376 ithacam
730 2313 956 2371 intercesserant
978 2301 1101 2376 amplius
1124 2313 1232 2354 norem
1249 2295 1325 2362 anni,
1338 2304 1411 2361 argu

326 2417 456 2473 mentum
471 2413 568 2462 tamen
586 2399 735 2471 Odysseae
753 2410 809 2449 non
824 2390 902 2445 ultra
914 2388 1037 2460 triginta
1049 2395 1155 2436 novem
1171 2373 1234 2430 dies
1249 2367 1410 2428 extenditur.

327 2492 402 2550 Vide
419 2487 476 2545 viri
491 2478 678 2540 eruditissimi
695 2472 804 2546 Hoynii
821 2469 943 2524 Excara.
955 2466 985 2520 ii.
1000 2459 1035 2516 ad
1052 2458 1102 2516 lib.
1119 2457 1160 2512 iii.
1176 2453 1248 2509 Aen.
1261 2453 1331 2508 item
1345 2443 1412 2519 ejus

330 2573 398 2632 dem
413 2563 564 2637 Diiquisit.
577 2561 595 2614 i.
611 2555 646 2610 de
662 2552 801 2608 Carmine
816 2548 910 2621 Epico
925 2538 1053 2616 Virgilii.

372 2652 416 2705 19.
436 2629 711 2709 *aratorius-4
727 2629 756 2685 N
760 2648 796 2685 on
811 2632 856 2682 est
869 2618 945 2699 perf.
960 2623 1034 2693 part.
1045 2612 1120 2672 med.
1132 2613 1176 2668 uti
1186 2609 1299 2684 putisse
1311 2601 1414 2660 ridetur

328 2733 378 2789 vir
393 2726 493 2782 doctus
509 2721 583 2774 Sam.
595 2712 704 2770 Clarlre
717 2708 747 2764 F.
763 2707 814 2763 sed
829 2710 884 2760 act
895 2699 1028 2771 πέφευγα
1042 2711 1097 2769 pro
1120 2687 1264 2763 αέφευχα,
1286 2684 1320 2739 ad
1334 2685 1414 2738 ritan-

330 2809 397 2866 dam
410 2801 619 2876 repetitionem
633 2792 695 2846 soni
706 2789 814 2860 asperi.
828 2782 944 2853 τιέφνγα
965 2781 1010 2832 est
1034 2767 1108 2846 peri.
1130 2768 1206 2825 med.
1246 2761 1318 2819 Vide
1341 2759 1416 2818 ilonr

331 2886 477 2948 Element.
493 2878 524 2934 L.
535 2875 587 2930 Gr.
597 2889 626 2946 p.
644 2873 708 2927 133.
729 2864 826 2922 “Vide
842 2862 875 2918 ll.
891 2857 917 2929 β.
934 2861 1000 2914 314.
1017 2851 1117 2909 Clarlr.
1132 2855 1163 2904 et
1177 2844 1229 2900 Gr.
1244 2841 1396 2904 Buttmann

376 2969 419 3022 13.
442 2947 636 3032 κεχρημένον]
655 2945 953 3004 desiderantem-non
967 2933 985 2989 ri
998 2928 1134 3007 χροῖομαι,
1149 2936 1221 2995 ntor,
1235 2921 1296 2991 sed,
1310 2922 1416 2973 auctore

333 3039 497 3108 Eustathio,
511 3034 527 3090 ri
542 3027 662 3106 χρηΐζω,
677 3022 789 3101 χρῄζω,
803 3021 925 3095 indigeo,
935 3030 990 3088 per
1005 3010 1122 3082 ellipsin
1132 3005 1237 3062 literae
1247 3008 1273 3056 σ.
1285 2991 1418 3054 Nimirinn

334 3114 516 3196 κεχρημένον
530 3111 578 3168 bio
597 3109 674 3166 idem
692 3110 775 3160 sonat
790 3120 825 3158 ac
846 3093 1007 3174 χρῄζοντα,
1024 3096 1056 3146 et
1074 3085 1111 3142 H.
1137 3079 1239 3155 Steph.
1259 3071 1418 3134 vertendum

333 3203 431 3276 potius
446 3196 545 3251 censet
560 3195 703 3244 carentem.

296 3288 324 3341 4.
378 3281 423 3334 15.
444 3266 605 3330 Ennaton
620 3255 854 3340 γλαφυροῖσι,-]
871 3254 928 3310 Pro
951 3245 1049 3306 σαὲεσι
1070 3239 1240 3318 γλαφυροῖς,
1261 3233 1293 3289 in
1306 3224 1418 3309 sperabis

336 3356 422 3427 cavis,
438 3345 609 3420 λιλαιομένη
623 3341 708 3400 πόσιν
723 3334 812 3410 εἶναι,
826 3352 893 3410 φιαι
909 3351 941 3386 αα
966 3328 971 3339 “
987 3328 1032 3384 but
1045 3334 1074 3381 nt
1088 3323 1113 3378 is
1126 3316 1242 3374 maritas
1256 3311 1309 3369 ribi
1322 3317 1386 3365 earn

379 3439 423 3493 16.
443 3420 704 3504 -ιιεφιαλομὲνων
719 3413 887 3487 terraram
902 3348 1071 3466 sollertia
1084 3396 1175 3458 αααὶι.
1197 3396 1268 3452 lien.
1284 3393 1304 3461 i,
1319 3389 1379 3443 234.
1391 3379 1420 3435 ad

337 3531 425 3592 quem
439 3511 536 3567 locum
557 3508 598 3561 ita
612 3499 756 3558 celeberr.
773 3494 895 3567 Heyne:
917 3492 936 3524 “
946 3480 1138 3542 Volrentibus
1152 3476 1235 3532 annis
1249 3486 1287 3526 sc
1305 3483 1346 3536 se,
1359 3466 1418 3516 non

337 3594 483 3670 “poetica
498 3587 584 3653 ratio,
599 3581 734 3656 quoniam
749 3590 838 3628 annus
854 3575 883 3626 in
899 3567 1000 3623 orbem
1014 3555 1121 3618 redit''

380 3671 489 3744 11,18.
509 3650 837 3728 -ἐιιεκλιῖισαντο]α“θι“
861 3646 1039 3703 destinarunt.
1061 3637 1078 3694 i
1103 3632 1214 3702 κλώθω,
1236 3647 1295 3699 neo,
1306 3621 1420 3702 glomero·

287 3785 291 3792 ·
338 3752 391 3812 Est
404 3753 502 3806 antem
518 3743 537 3812 ἡ
556 3737 673 3798 Κλωθώ
691 3747 798 3790 nomen
820 3743 921 3803 propr.
946 3723 1030 3778 unius
1051 3694 1421 3776 Parcarum-meapte

339 3824 393 3905 ἦεν
409 3820 477 3908 [ἦν]
489 3828 619 3878 evaserat.
1408 3847 1414 3858 Ι

379 3912 427 3965 21.
447 3897 579 3974 -ποέρος
598 3893 636 3965 ἣν
652 3896 741 3966 γαῖαν
755 3882 892 3957 ἱκέσθαι]
913 3883 931 3937 1.
950 3897 978 3935 e.
991 3877 1034 3938 εἰς
1060 3871 1101 3944 ἣν
1125 3873 1226 3945 γαῖαν,
1247 3873 1384 3937 nmquam
1404 3867 1424 3902 ἕ

339 4005 418 4046 mm
430 3983 463 4040 ιἰι
477 3993 578 4038 terram
591 3973 713 4030 ναιὶαα.
728 3964 832 4041 adpre,
847 3959 983 4018 adaluni
998 3960 1030 4011 et
1044 3961 1133 4024 temp.
1148 3964 1215 4004 cum
1230 3941 1279 4000 inf.

381 4068 429 4122 22.
448 4049 688 4125 -Λίθίοιιας-]
701 4045 862 4116 Aethiopes
874 4036 987 4097 incolae
999 4036 1083 4090 erant
1092 4028 1221 4101 regionis
1238 4022 1312 4079 ultra
1322 4017 1425 4085 degyV

342 4149 415 4215 tum,
429 4136 585 4198 meridiem
606 4145 719 4198 versus,
739 4126 823 4180 sitae.
864 4119 943 4176 Olim
965 4115 1049 4169 erant
1066 4105 1150 4168 valde
1173 4095 1388 4169 δεισιδαίμονες,
1401 4090 1425 4134 11¹

338 4223 413 4290 hinc
433 4219 474 4276 dii
495 4213 584 4271 certis
607 4204 788 4282 temporibus
804 4199 919 4274 epulari
941 4193 1082 4250 dicantur.
1123 4183 1199 4240 Vide
1223 4177 1303 4236 iliad.
1326 4192 1355 4243 α,
1368 4165 1426 4220 423.

342 4321 433 4438 w’ssss.
452 4361 673 4439 -θεθαιαται,]
696 4362 757 4419 lon.
781 4374 835 4432 pro
859 4353 1026 4412 θέθαινται.
1046 4341 1093 4404 τοὶ
1118 4338 1171 4420 [oi]
1196 4335 1288 4410 θιχθθ
1313 4325 1371 4389 σεδ.
1390 4313 1428 4395 qui

345 4454 482 4538 &oriam
505 4446 591 4508 divisi
613 4455 683 4502 arnt.
724 4441 891 4512 Aegyptum
917 4429 1102 4504 superiorem
1125 4418 1244 4479 videtur
1264 4407 1429 4480 intelligeris

278 4557 282 4568 '
346 4555 404 4613 per
423 4547 508 4610 qaam
526 4526 653 4588 mediam
673 4519 738 4580 fluit
757 4515 787 4575 N
791 4516 856 4586 ilua,
876 4525 1000 4583 eamque
1021 4510 1052 4564 in
1070 4505 1187 4581 partem
1206 4489 1387 4552 Orientalen
1406 4480 1431 4528 n
