3034 5217
428 301 570 361 uorsu
591 254 636 360 us
655 277 950 362 cenoruicaou.
1183 311 1242 370 ess

52 429 53 446 ¹
128 419 478 500 itiamflooiompsem
501 416 728 495 antiquissimam.
770 416 927 478 caeter-dm
951 419 987 478 de
1010 418 1157 496 Lycaonii
1176 427 1242 484 ursi
1251 431 1317 486 300.

51 476 57 507 ’
129 504 171 559 ita
187 500 284 558 Schoi.
329 497 395 570 Τῆς
410 496 509 574 πρώην
526 495 681 570 λεγομένης
697 498 899 570 Καλλιστοῦς,
919 495 1071 563 Λυκάονος
1093 498 1126 557 σέ
1150 501 1241 577 doye-
1336 516 1340 524 ’

50 582 51 651 t
129 577 209 657 τρός·
231 580 262 650 ἐξ
278 573 315 650 ἧς
331 573 383 633 aei
398 575 465 638 Aede
479 572 716 648 μετασληθέντος
727 575 768 636 εἰς
785 575 917 652 Λφτεμιν
931 580 1076 650 γεννᾶται
1097 580 1241 658 ὀΑριιοές,

49 677 50 708 ι
126 659 180 730 α’φ·
193 651 427 732 οὗοὶΑρκοίιλες.
448 650 546 710 ''Vide
562 655 648 710 ovid.
663 653 733 710 Met
750 657 778 710 ii.
794 659 859 712 409.
874 671 933 730 sqq.
957 655 986 711 P.
1113 653 1119 666 '

48 798 49 806 ¹
170 743 217 794 44.
243 731 387 809 Toecotxc]
414 731 457 790 Td
482 735 664 802 τηνικαῦτα.
686 731 774 788 Sedoi.
795 733 928 804 ὀμφαλὸς
952 733 1082 792 σιιέιιεσέ
1108 753 1164 810 τοι,
1186 759 1241 796 σοι.

48 878 49 887 p
127 813 226 894 photio
240 816 272 892 [i.
286 830 314 870 e.
328 811 472 869 umbilicus
485 808 628 885 seusuns's
641 809 820 887 umbilicoiis]
836 812 887 868 ts'bs'
901 811 1011 868 decidit.
1213 861 1215 872 .

170 897 295 951 stt-48.
314 887 543 972 -Κυρσιίντων
557 885 675 964 ἕταροι]
698 889 796 946 Socias
810 891 1007 965 Corybantum
1025 892 1156 965 appellat
1178 893 1240 954 Me·
1298 939 1304 950 ,

111 1005 116 1012 ·
130 973 194 1043 lias,
209 974 277 1046 quia
291 969 400 1027 Meliae
414 969 550 1024 dicuntur
563 969 699 1024 arborum
714 967 871 1042 nymphae,
886 986 960 1042 quue
976 973 1075 1042 utique
1089 973 1117 1027 iu
1131 973 1241 1046 sylves·

129 1051 223 1107 tribus
250 1042 359 1122 degunt
386 1048 468 1118 locis,
483 1043 647 1107 uoo'secis
675 1061 709 1100 ac
739 1049 792 1120 ipsi
816 1045 1006 1120 Corybantes.
1028 1045 1238 1110 Rononrmnos.

45 1148 47 1156 ¹
131 1118 413 1204 Πρόσειιηχύναντο,
426 1125 468 1186 εἰς
483 1125 549 1186 eodo
564 1121 674 1198 πήχεις
689 1123 1022 1202 ἐλασον.-Αδρήστεια,
1035 1127 1156 1199 α’σελφη
1166 1131 1240 1188 Koo-

129 1202 384 1283 priamo-Aiaces
397 1200 453 1274 ἐνὶ,
462 1203 494 1258 ἐν
504 1202 562 1280 yoip
574 1202 682 1266 λίκνας
695 1203 860 1259 τοιιαλοιιλν
872 1203 1074 1276 κατικοίμιζον
1085 1207 1126 1262 ed
1139 1205 1239 1284 βρέφη,

128 1287 258 1342 πλοῦτον
284 1280 335 1340 καὶ
360 1281 486 1360 καρπούς
510 1279 709 1352 οἰωνιζόμενοι.
732 1280 834 1339 λίκνον
860 1275 923 1354 οὖν,
944 1283 980 1339 τό
1004 1283 1149 1359 κόσκινον,
1165 1284 1187 1358 ἢ
1203 1289 1238 1346 cd

131 1360 254 1433 κοονέον,
268 1363 301 1418 ἐν
316 1355 342 1433 pi
355 1362 397 1417 coi
409 1358 515 1418 παιδία
530 1360 671 1418 τιθέασιν.
693 1358 781 1416 suot.
801 1360 837 1418 σι)
853 1361 880 1416 d'
900 1356 1005 1432 ἐθήσαο
1027 1361 1115 1420 ιαὀνα
1137 1367 1238 1440 μαζὸν,

129 1444 180 1498 bc.
196 1451 225 1498 to
238 1450 328 1497 nutem
340 1437 437 1496 moirti
449 1439 553 1516 pingue
567 1439 671 1494 siber-
685 1435 764 1510 edo,
789 1435 920 1512 λθήσιο,
941 1439 1057 1516 praebeo
1080 1454 1105 1499 et
1123 1445 1240 1522 porrigo

129 1516 416 1595 oiipus'dsroeudum5
438 1517 511 1572 unde
527 1521 556 1573 in
571 1535 643 1575 voce
659 1515 735 1572 med.
756 1537 830 1594 sugo.
860 1515 957 1575 ''Vide
982 1517 1067 1576 Hom.
1081 1519 1134 1576 Od.
1148 1521 1175 1576 δ.
1191 1525 1237 1580 89.

130 1615 198 1654 cum
212 1595 341 1652 Eustath.
358 1613 386 1670 p.
406 1600 487 1652 1485.
505 1596 522 1650 i.
539 1601 585 1652 57.
601 1595 682 1652 Rom.
699 1597 770 1652 item
786 1595 817 1650 ΙΙ.
832 1617 863 1652 ω.
880 1601 925 1652 58.
948 1595 978 1652 Ρ.

167 1679 215 1732 49.
235 1671 471 1749 -Αμαλθειήτ,]
496 1672 602 1737 Οὕτως
617 1675 755 1730 ἐκαλεῖτο
770 1675 790 1744 ἡ
803 1675 854 1746 αἲξ
869 1677 924 1730 τόν
936 1673 991 1731 Δία
1003 1675 1149 1754 θρέψασα.
1162 1681 1240 1756 λέγε-

129 1751 301 1810 restituisti
315 1749 371 1824 μέν
385 1755 438 1808 τοῦ
453 1753 516 1812 ἑνὸς
541 1751 661 1828 κέρατος
684 1750 846 1830 epipodius
865 1755 936 1828 ριϊν·
956 1754 1017 1810 clad
1031 1753 1064 1812 σέ
1079 1757 1134 1812 τοῦ
1146 1757 1239 1816 ἄλλον

131 1831 248 1909 νέκταρ.
271 1831 359 1887 Sciet.
380 1828 439 1908 [Cf.
454 1830 541 1887 Ovid.
556 1832 630 1887 Fast.
646 1831 696 1888 lib.
712 1849 739 1889 v.
758 1831 837 1907 115]
859 1831 982 1907 datdonis
998 1831 1041 1904 δέ,
1056 1837 1108 1891 iic.

168 1913 215 1967 50.
235 1908 446 1984 -ἐξαιιιναῖα]
472 1907 644 1980 Τουτέστιν,
658 1907 796 1981 ἐξαίφνης
812 1909 961 1984 ἐγένετοή
982 1909 1037 1982 Ira
1061 1912 1137 1970 πλέα
1159 1913 1239 1986 μέλι-

129 2007 189 2052 τος.
211 1988 299 2045 Scdot.
334 1984 492 2043 Caeterdm
508 1989 552 2046 his
563 1988 672 2058 verbis,
681 1984 723 2044 τοί
737 2007 771 2046 τε
788 1987 912 2046 κλείουσι
929 1987 1092 2066 Ποίναιιρα,
1105 1995 1238 2066 ostendit,

129 2068 204 2125 unde
218 2084 305 2142 apem
319 2067 473 2123 vocaverit
497 2065 873 2124 indemnem-Existimo
888 2076 985 2124 autem
1012 2066 1161 2146 Hcieeapo
1185 2071 1238 2149 ὄρη

128 2147 208 2202 dicta
222 2145 238 2202 i
251 2143 361 2203 summi
376 2144 539 2218 altitudine,
555 2152 586 2202 ut
599 2146 664 2202 ιιοῖν
688 2144 746 2217 boc
760 2149 789 2201 iu
803 2149 918 2203 nomine
941 2149 977 2202 sit
998 2152 1141 2224 augentis,
1164 2153 1238 2208 sicut

129 2228 158 2280 in
173 2225 236 2282 aliis
250 2224 352 2322 qpibus
366 2230 410 2278 est
423 2222 596 2297 praefixum.
618 2223 787 2280 Srusesuus.
824 2259 833 2278 ,

170 2308 216 2360 52.
239 2301 337 2379 Ονλα]
367 2299 586 2359 diverbiattter
609 2301 656 2358 hic
680 2305 811 2359 sumitur.
851 2301 975 2360 Videtur
996 2310 1094 2362 autem
1116 2323 1180 2362 esse
1201 2308 1238 2364 ab

129 2382 219 2457 ὀλοὸς,
229 2380 421 2475 perniciosor:
441 2380 516 2438 unde
532 2380 614 2438 reddi
629 2387 725 2456 potest
738 2382 914 2451 uehementer,
933 2384 1237 2461 πνοιαὶ-Κούρητες

128 2459 311 2616 iiiiii
327 2457 595 2614 diditi?
608 2457 1239 2612 nittssdftd‘idtiditddtdzdi:
1313 2510 1316 2516 ’

127 2621 149 2654 “
160 2619 291 2689 bebatur,
317 2635 392 2692 quae
421 2617 493 2674 adias
527 2613 777 2692 mitam-Sane
796 2613 913 2708 ἱιιρύλιν
939 2616 1103 2692 Hesychius
1124 2637 1237 2694 quoque

129 2694 723 2847 {ldddttiiitdbaidtdt
736 2695 1029 2845 {detifidi
1051 2703 1239 2834 iiiiii
1305 2777 1313 2793 ·

129 2851 182 2909 Gr.
196 2851 265 2909 Min.
280 2852 358 2926 adp.
375 2857 421 2910 49.
436 2871 464 2910 n.
480 2857 507 2908 4.
536 2856 553 2887 u
565 2844 637 2910 οὖλα
652 2852 688 2908 ab
701 2843 792 2912 οὖλος.
814 2850 845 2908 Ρ.

170 2935 217 2989 55.
237 2926 383 3007 -ἠέξιυ,]
405 2931 486 2988 idem
499 2931 575 3006 quod
592 2927 684 3001 ἠέξοο,
699 2927 814 3003 imperf.
830 2929 867 2984 ab
879 2927 1009 3002 α’ἐξομαι,
1024 2948 1121 3002 cresco,
1138 2933 1166 2988 iu
1181 2937 1237 2989 act.
1261 2929 1265 2951 ¹

129 3027 205 3068 voce
219 3009 306 3081 ἀέξω,
329 3009 406 3068 idem
426 3009 503 3084 quod
524 3005 653 3079 αιλξιίνω,
675 3025 769 3084 augeo.
783 3009 948 3083 -ἐτραφιι
972 3015 1069 3064 autem
1093 3007 1140 3066 bic
1163 3014 1238 3068 sumi

130 3089 247 3146 videtur
261 3090 290 3144 in
302 3103 388 3144 sensu
403 3089 596 3156 intransitive,
612 3087 694 3161 Augi.
709 3085 782 3143 didst
798 3085 893 3143 tiriae.
938 3086 1040 3143 Putant
1063 3094 1159 3146 mosen
1181 3091 1238 3145 viri

131 3167 314 3231 eruditissimi
329 3183 432 3223 vocem
447 3183 516 3222 esse
527 3168 651 3222 activam
668 3182 723 3241 pro
736 3167 850 3238 passivi
872 3168 1006 3239 positum,
1030 3165 1153 3242 ἐτροφες
1176 3167 1237 3224 scil.

131 3263 185 3322 pro
199 3243 342 3321 ἐτράφης,
357 3244 473 3301 asserios
487 3263 514 3299 es
523 3267 535 3313 ,·
555 3249 586 3300 et
610 3247 699 3300 citant
727 3259 766 3299 er
792 3242 876 3300 Hom.
893 3244 923 3300 ΙΙ.
939 3262 963 3317 ε,
989 3248 1055 3302 555.
1070 3242 1239 3320 ἐτραφέτην

132 3326 188 3382 οπο
206 3320 309 3399 μητρὶ,
327 3328 359 3380 et
382 3323 483 3397 Odyss.
498 3345 527 3396 y,
541 3326 588 3380 28.
612 3319 771 3398 τραφέμεν,
782 3321 865 3383 idem
879 3323 940 3378 scil.
957 3338 991 3378 ac
1006 3327 1140 3398 τραφιῑν.
1189 3323 1240 3382 rat

132 3400 204 3462 verb
217 3400 385 3478 ἐτραφέτην
400 3403 457 3459 ὑπο
469 3398 574 3478 μητρὶ,
589 3402 672 3476 Angl.
687 3399 777 3457 tbrt'ue
790 3399 877 3457 murder
888 3399 960 3458 their
973 3401 1076 3456 mother
1084 3423 1096 3468 ,·
1117 3401 1165 3459 ubi
1179 3419 1240 3459 tet·-

131 3499 179 3540 mu
200 3488 245 3538 est
266 3479 302 3537 de
319 3498 389 3556 pare
410 3481 545 3550 ieonum
567 3486 599 3536 et
621 3497 681 3536 aur.
705 3482 733 3535 iu
757 3495 843 3535 seusu
868 3479 991 3535 maximi
1016 3478 1240 3538 indeterminato

132 3560 214 3618 reddi
237 3561 365 3636 postulat
384 3577 440 3634 per
453 3567 568 3632 tempus
581 3575 678 3633 prees.
693 3563 725 3613 ut
738 3563 855 3613 notum:
877 3561 907 3614 et
921 3561 1088 3630 praeterea,
1106 3559 1133 3624 si
1156 3560 1242 3633 ἐτρα-

131 3637 228 3710 φέτην
240 3644 320 3713 esset
334 3655 389 3713 pro
402 3635 592 3714 ἐτραφήτην,
616 3651 717 3710 praep.
743 3634 811 3704 ind,
834 3637 863 3690 oi
885 3632 1006 3692 mettim
1027 3633 1122 3708 failor,
1136 3638 1242 3711 geniti·

133 3735 202 3775 vum
217 3715 402 3774 adscisceret
443 3716 475 3771 Ιιι
489 3715 555 3770 loco
570 3717 660 3771 etiam
673 3716 763 3771 citato
778 3711 1096 3786 Odysseae-revideat
1115 3731 1148 3772 τι
1173 3732 1243 3789 τρο-

133 3794 224 3870 φέμεν
251 3813 286 3852 τε
314 3800 432 3870 possunt
459 3785 558 3849 reddi'
571 3802 714 3868 autumpno
741 3809 795 3848 esse
821 3802 900 3868 atque
929 3791 1050 3848 menese.
1101 3792 1243 3868 Opinatur

133 3874 312 3932 doctissimus
327 3889 409 3930 meus
423 3874 532 3929 amicus
546 3869 606 3928 Tb.
621 3868 758 3945 Burgw,
773 3869 925 3945 probabile
941 3885 1004 3928 esse
1029 3874 1113 3930 istum
1128 3873 1242 3928 activae

133 3949 244 4009 formae
259 3969 342 4010 usum
357 3952 555 4008 vetustissimis
565 3949 746 4023 temporibus
757 3948 968 4006 creberrimum
977 3947 1073 4006 fuisse.
1096 3949 1240 4029 [Appeud.

134 4031 171 4086 ad
184 4030 315 4088 Dawesii
330 4029 454 4086 Misceii.
468 4027 541 4084 Crit.
557 4047 585 4102 p.
601 4031 668 4084 388.
683 4027 734 4084 ubi
749 4027 817 4084 vide
841 4025 949 4102 ptura]
984 4027 1070 4098 Quae
1096 4028 1172 4084 idem
1196 4029 1243 4084 vir

132 4111 271 4187 egregios
292 4107 409 4165 tradidit
431 4104 504 4164 iniri
524 4109 567 4184 [p.
589 4109 657 4178 493,
677 4103 752 4180 sqq.]
778 4104 813 4161 de
841 4103 997 4162 verborum
1021 4123 1106 4162 sensu
1127 4111 1242 4178 neutro,

134 4186 229 4261 deque
244 4190 415 4261 pronomine
427 4187 580 4259 reciproco
594 4184 758 4255 subaudita
769 4183 847 4241 lectu
856 4188 921 4240 sum
931 4183 1096 4259 dignissima
1107 4205 1114 4254 ;
1130 4183 1244 4259 quibus,

133 4265 158 4321 ei
173 4267 228 4338 vis,
241 4281 315 4339 quae
331 4271 362 4322 et
376 4281 427 4321 nos
440 4263 574 4320 breviter
587 4265 751 4319 notavimus
765 4270 849 4336 potes
864 4261 1034 4337 adjungere,
1049 4261 1113 4319 Vol.
1129 4262 1148 4320 Ι.
1164 4261 1242 4337 adp.

135 4346 162 4400 8.
178 4360 204 4398 ιι.
220 4347 247 4399 i.
263 4361 291 4418 p.
306 4347 439 4400 seut.
454 4359 482 4416 p.
498 4345 545 4398 86.
561 4357 589 4396 ιι.
604 4344 632 4398 8.

175 4425 222 4478 56.
240 4419 456 4496 quidesse]
484 4418 624 4491 Αέξισθαι
648 4415 685 4474 ad
698 4416 835 4496 insontem
856 4415 965 4491 resero,
979 4417 1098 4496 τρέφειν
1123 4419 1160 4476 ad
1178 4437 1245 4497 pue·

135 4517 206 4574 ινιιι,
218 4499 343 4573 despicio
356 4499 393 4558 ad
406 4517 474 4558 eum
488 4496 537 4575 qai
549 4496 588 4556 ud
595 4495 768 4576 poma„
777 4497 937 4614 puniendi&
955 4503 987 4556 et
1000 4501 1152 4575 sequeutia
1161 4495 1245 4579 pude-
